2101 3036
292 247 381 287 lam
404 259 499 300 quae
532 251 766 300 sequuntur
788 247 838 287 ad
863 251 904 287 tc
928 248 1102 300 scripta,
1128 241 1229 287 δόσιν
1255 245 1391 302 ὀλίγην
1415 261 1458 287 τε
1481 244 1596 302 φίλην
1622 260 1684 298 τε,
1716 246 1877 300 accipe,

227 327 394 367 quaeso,
416 315 647 368 indulgenti
666 316 808 355 animo
832 320 957 368 atque
976 316 1179 368 indignari
1198 315 1302 365 noli,
1328 316 1363 355 si
1380 319 1467 355 tam
1482 315 1695 356 levidense
1711 326 1883 355 munus-

235 383 382 425 culum
414 396 564 437 parum
597 388 670 424 tuo
703 384 875 424 nomine
905 383 1080 437 dignum
1117 382 1340 425 videbitur.
1377 383 1464 424 Scis
1497 384 1611 425 enim
1640 383 1729 438 ipse
1755 395 1883 437 quam

234 445 503 505 iniquissima
520 453 610 492 haec
633 452 782 492 ultima
799 458 991 505 tempora
1008 452 1222 491 literarum
1247 452 1396 492 studiis
1417 452 1593 502 fuerint,
1618 464 1703 492 non
1721 453 1885 505 ignoras

236 521 359 561 nobis
391 521 579 574 undique
601 521 811 573 ingruenti
840 534 1053 561 armorum
1084 521 1258 574 strepitu
1288 521 1556 561 circumdatis
1583 520 1886 574 horrendaeque

237 589 407 643 stragis,
432 589 540 640 heu,
573 589 798 630 immeritis
820 590 1145 643 spectatoribus,
1173 589 1240 629 vix
1265 589 1363 630 satis
1394 589 1489 640 otii,
1516 589 1675 630 nedum
1698 600 1887 630 necessa-

240 658 346 698 riam
374 658 426 697 ad
451 657 519 697 illa
545 658 675 698 animi
706 657 962 698 alacritatem
992 658 1259 710 superfuisse.
1291 657 1418 707 Quid,
1449 657 1562 710 quod
1584 662 1625 697 et
1653 657 1730 697 alia
1757 668 1888 710 eaque

239 727 487 780 gravissima
508 727 667 767 iactura
689 740 765 767 nos
787 740 871 767 11011
890 727 1103 767 immunes
1122 739 1211 767 esse
1238 726 1366 766 voluit
1393 730 1634 779 temporum
1652 725 1885 766 infelicitas.

239 796 319 843 Qui
341 796 457 836 enim
484 796 661 848 egregiis
688 795 879 836 liter-ariis
902 795 1097 835 subsidiis
1120 808 1252 848 nuper
1280 795 1590 835 instructissimi
1609 794 1886 845 florebamus,

242 877 354 904 nunc
387 864 438 904 ad
473 868 642 916 turpem
675 877 795 917 paene
823 868 1049 917 egestatem
1086 863 1241 903 redacti
1271 863 1477 916 lugemus.
1514 863 1889 904 verumenimvero

243 932 324 971 hoc
341 932 423 981 die,
440 944 570 984 quem
589 932 775 971 faustum
797 937 836 971 et
856 932 1019 970 felicem
1040 931 1113 969 tibi
1131 932 1297 984 tuisque
1313 944 1462 971 omnes
1479 937 1642 985 optant,
1663 933 1889 971 favendum

242 1005 306 1041 est
327 1000 503 1053 linguis,
529 1000 762 1053 praescrtim
782 1014 878 1040 enm
910 1001 990 1040 iam
1022 999 1175 1052 melior
1188 1000 1381 1053 ‹puedam
1405 1013 1499 1053 spes
1524 1000 1644 1041 nohis
1667 1000 1886 1051 affulserit,

245 1067 361 1108 brevi
383 1067 559 1109 fortasse
588 1068 819 1121 experturis
842 1080 969 1121 quam
990 1081 1105 1117 vere,
1127 1067 1226 1107 illud
1250 1081 1272 1107 a
1295 1072 1416 1121 poeta
1438 1068 1598 1109 dictum
1621 1069 1639 1107 ὁ
1663 1066 1811 1123 τρώσας
1826 1067 1889 1107 καὶ

245 1136 389 1175 ἰάσεται
411 1136 455 1175 111
477 1148 554 1176 1105
576 1148 743 1188 quoqne
767 1137 900 1176 cadat.

293 1205 355 1245 Tu
370 1217 491 1254 vero,
514 1205 577 1244 vir
593 1204 862 1254 venerabilis,
890 1205 1056 1258 quinon
1073 1205 1256 1244 Nestoris
1277 1204 1413 1245 solum
1433 1218 1563 1246 annos
1580 1206 1664 1246 iam
1679 1207 1888 1261 ingressus

238 1284 306 1321 115,
333 1272 407 1311 sed
434 1272 501 1311 cui
530 1272 731 1311 eumdem
759 1272 889 1311 animi
918 1272 1126 1323 vigorem,
1155 1272 1263 1326 iden}
1294 1285 1471 1312 acumen
1491 1273 1665 1326 ingenii,
1692 1276 1886 1315 eamdem

241 1339 325 1379 oris
363 1339 624 1389 facundiam,
668 1338 780 1379 idem
829 1339 1010 1391 denique
1048 1340 1232 1391 corporis
1274 1339 1422 1389 robur,
1470 1340 1621 1393 quihus
1659 1341 1725 1382 ille
1762 1355 1887 1383 senex

242 1407 439 1457 florebat,
476 1420 641 1447 servare
668 1407 861 1459 contigit,
894 1407 965 1446 11111
995 1407 1116 1446 nohis
1148 1420 1366 1447 remaneas
1393 1408 1573 1461 huicque
1596 1414 1748 1450 nostrae
1770 1411 1883 1461 urbi,

241 1488 336 1528 quoe
369 1480 411 1515 te
443 1488 568 1515 51111111
598 1475 846 1515 iamdudum
876 1475 1063 1527 agnovit,
1094 1474 1221 1513 decus
1259 1488 1349 1514 esse
1383 1488 1550 1527 pergas,
1585 1477 1689 1517 mihi
1720 1483 1884 1529 autem,

243 1543 457 1596 quomodo
480 1543 635 1593 adhuc,
662 1542 834 1596 posthac
857 1542 963 1582 fave.
