2101 3036
280 268 647 309 ADDITAMENTA
675 268 745 308 AD
774 267 1159 308 HISTORICORUM
1189 267 1506 308 GRAECORUM
1537 265 1863 306 FRAGMENTA.

308 474 577 529 Amplissima
598 474 724 516 simul
746 479 787 516 et
810 474 1052 527 utilissima,
1073 474 1266 516 omnium
1289 474 1464 526 iudicio,
1491 472 1679 514 collectio
1707 476 1770 512 est
1796 482 1890 525 quae

253 544 486 597 fragmenta
525 545 820 584 historicorum
864 556 1099 597 graecorum
1142 544 1435 596 complectitur
1471 556 1494 583 a
1530 544 1620 583 Car.
1657 547 1698 582 et
1733 541 1887 581 Theod.

253 612 459 653 Muelleris
476 613 518 652 in
542 613 795 653 Bibliotheca
812 614 1061 666 scriptorum
1079 626 1313 665 graecorum
1332 613 1547 653 Didotiana
1563 616 1761 665 quattuor
1783 609 1893 649 volu-

252 681 443 722 minibus·
459 682 591 731 edita,
617 682 768 734 quibus
785 682 1013 735 quominus
1035 682 1231 735 quintum
1255 682 1473 721 accesserit
1495 681 1746 720 Parisiorum
1765 690 1893 731 oppu-

249 751 389 803 gnatio
421 751 643 803 hucusque
671 751 897 803 prohibuit.
923 750 1137 790 Scribendi
1161 750 1380 790 materiam
1407 763 1504 790 cum
1536 761 1790 802 quaererein,
1817 759 1894 786 nec

250 822 394 858 tamen
422 818 545 857 aliam
572 831 699 870 quam
721 831 815 871 quae
841 818 960 870 quasi
989 818 1232 858 tuinultarie
1260 818 1325 857 his
1355 818 1397 857 in
1425 818 1602 857 turbidis
1631 815 1892 869 temporibus

251 886 418 926 tractari
450 890 591 938 posset
619 899 836 938 cuperem,
872 887 1024 938 operiae
1059 887 1242 939 pretium
1280 899 1350 926 me
1381 886 1592 926 facturum
1629 885 1771 938 putavi
1798 896 1892 936 pro-

253 953 398 1007 positis
420 953 631 993 nonnullis
654 965 747 1007 quae
770 954 811 993 in
833 953 912 994 hac
938 953 1181 994 collectione
1208 954 1379 1004 desunt,
1400 954 1487 994 sive
1512 965 1535 993 e
1552 965 1686 1006 nuper
1708 952 1892 1005 primum

247 1023 376 1062 editis
394 1022 683 1074 scriptoribus,
710 1023 796 1061 sive
819 1023 945 1062 etiam
969 1035 1019 1062 ex
1038 1023 1127 1061 aliis
1149 1024 1291 1075 petita.

311 1091 415 1131 Cum
458 1090 759 1144 autiquissimze
791 1103 856 1131 res
889 1092 1151 1142 Graecorum‚
1188 1091 1459 1131 inextricabili
1497 1091 1583 1131 fere
1623 1103 1755 1139 nexu,
1796 1101 1895 1128 cum

257 1171 404 1199 eorum
436 1157 585 1198 fabulis
617 1158 895 1210 cohaererent,
935 1158 1053 1199 facile
1092 1159 1182 1200 fieri
1210 1160 1365 1213 potuit,
1402 1164 1448 1199 ut
1474 1159 1598 1212 vulgo
1632 1159 1740 1198 inter
1766 1157 1896 1197 histo-

258 1227 415 1267 riarum
452 1227 673 1280 scriptores
713 1232 1055 1279 numerarentur,
1097 1229 1190 1281 qui,
1239 1230 1396 1269 maiore
1440 1229 1613 1269 fortasse
1655 1228 1768 1277 iure,
1810 1226 1897 1266 sive

256 1295 462 1348 theologis
504 1295 589 1335 sive
632 1296 901 1336 historiarum
941 1297 1211 1349 scriptoribus
1243 1298 1491 1337 adceusendi
1525 1301 1656 1337 erant.
1697 1295 1804 1335 Talis
1835 1297 1898 1334 est

259 1365 479 1404 AcusmAUS
511 1365 711 1415 Assclvns,
752 1364 871 1404 cuius
901 1364 1244 1418 Genealogiarum
1277 1378 1403 1418 opus,
1440 1366 1490 1406 ad
1522 1378 1655 1406 unum
1690 1366 1895 1418 quotquot

259 1444 308 1472 ex
337 1444 386 1472 eo
424 1436 647 1484 supersunt
684 1432 917 1484 fragmenta
947 1433 1155 1473 hesiodeae
1190 1434 1437 1487 Theogoniae
1475 1434 1738 1474 simillimum
1769 1432 1897 1472 fuisse

257 1501 615 1550 demonstrarent,
645 1501 810 1540 etiamsi
838 1501 950 1540 hunc
979 1514 1230 1542 consensum
1264 1515 1347 1542 non
1372 1503 1538 1542 disertis
1559 1503 1696 1542 verbis
1723 1504 1899 1541 testatus

257 1572 366 1609 esset
378 1568 570 1609 Clemens
582 1568 882 1609 Alexandrinus
894 1570 1091 1610 Stromat.
1109 1571 1176 1621 VI,
1198 1584 1239 1624 p.
1255 1570 1333 1611 6529
1347 1577 1360 1591 ⁸
1373 1585 1381 1611 :
1395 1570 1445 1610 τὰ
1459 1565 1632 1610 Ἡσιόδου
1652 1566 1896 1625 μετήλλαξαν

257 1637 309 1680 εἰς
348 1634 456 1680 πεζὸν
495 1635 610 1688 λόγον
649 1635 713 1673 καὶ
752 1637 804 1680 ὡς
839 1631 915 1674 ἴδια
951 1634 1154 1690 ἐξήνεγκαν
1199 1638 1378 1691 Εὔμηλός
1411 1653 1453 1677 τε
1485 1638 1549 1676 καὶ
1590 1637 1832 1682 Ἀκουσίλαος
1863 1638 1896 1674 οἱ

257 1701 542 1757 ἱστοριωίράφοι.
570 1703 626 1743 De
649 1715 796 1743 eorum
827 1716 926 1744 sane
956 1705 1201 1746 auctoritate
1228 1718 1322 1759 quae
1355 1719 1378 1746 a
1401 1707 1701 1748 recentioribus
1733 1706 1898 1759 quibus-

256 1771 354 1810 dam
382 1770 651 1822 scriptoribus
683 1771 874 1811 Acusilao
898 1772 1161 1823 tribuuntur,
1188 1774 1287 1813 satis
1318 1787 1514 1827 maguam
1538 1776 1717 1818 iniciunt
1735 1774 1899 1814 dubita-

256 1839 416 1878 tionem
439 1839 595 1888 Suidae,
621 1839 708 1878 sive
731 1840 868 1891 potius
895 1841 1092 1880 doctioris
1114 1842 1333 1882 cuiusdam
1356 1844 1466 1895 apud
1490 1856 1589 1883 euin
1617 1844 1759 1893 verba,
1787 1844 1898 1883 haud

257 1906 388 1947 semel
416 1905 675 1947 adfirmantis
705 1907 761 1960 (v.
785 1904 983 1954 Ἑκαταῖος
1015 1907 1225 1961 Μιλήσιος,
1254 1908 1483 1965 Ἱστορῆσαι,
1510 1911 1750 1967 Συγγράφω),
1781 1911 1898 1952 adul—

257 1975 440 2014 terinum
469 1987 574 2027 opus
599 1975 778 2015 Acusilai
806 1976 1077 2017 circumferri.
1114 1979 1231 2025 Quod
1264 1980 1341 2018 etsi
1371 1992 1513 2019 revera
1542 1981 1599 2020 ita
1631 1993 1675 2020 se
1702 1981 1898 2020 habuisse

260 2042 436 2082 minime
472 2055 622 2094 negare
656 2043 804 2094 velim,
838 2044 880 2084 in
918 2045 997 2084 hoc
1036 2045 1151 2085 enim
1186 2045 1342 2086 fraudis
1378 2060 1530 2099 genere
1562 2048 1666 2088 nihil
1700 2049 1896 2089 inausum

260 2110 566 2150 intentatumve
588 2110 756 2164 reliquit
772 2112 1011 2153 Graecorum
1029 2113 1193 2165 levitas,
1214 2115 1282 2154 vix
1298 2118 1441 2155 tamen
1457 2117 1725 2168 crediderim,
1749 2122 1900 2170 praeter

260 2190 394 2217 unum
420 2177 655 2229 Platonem,
691 2192 839 2221 omnes
868 2181 937 2233 qui
969 2186 1112 2234 postea
1138 2182 1249 2223 hunc
1278 2183 1522 2237 scriptorem
1549 2184 1842 2236 laudaverunt,
1878 2199 1901 2226 a

262 2247 425 2286 falsario
457 2249 641 2299 quodam
671 2248 936 2289 alexandrino
971 2263 1015 2290 se
1041 2252 1176 2303 decipi
1212 2264 1355 2304 passos
1385 2265 1491 2293 esse.
1523 2255 1611 2293 Iam
1637 2256 1825 2306 primum
1852 2257 1903 2296 de

263 2301 512 2367 Apollodoro
555 2316 772 2356 neminem
814 2316 931 2357 facile
975 2317 1055 2358 hoc
1096 2331 1393 2359 concessurum
1429 2334 1519 2361 esse
1560 2321 1751 2362 arbitror.
1787 2323 1926 2371 Quod-
