2101 3036
963 161 1165 197 -15-

246 246 441 286 monem,
467 233 647 275 Melite-a
667 233 805 276 Sicilia
824 235 972 288 distat,
997 236 1056 277 ita
1078 239 1125 278 ut
1146 235 1190 277 in
1216 234 1300 278 fine
1321 248 1396 292 pro
1413 231 1525 288 εἶναι,
1545 236 1690 276 ἀπεῖναι
1709 233 1792 290 legi
1813 235 1886 277 de-

245 303 354 343 beat.
391 302 578 343 Conferri
615 307 728 343 certe
768 304 922 356 poterit
961 304 1064 345 alter
1097 305 1214 346 locus
1238 306 1283 345 in
1313 304 1495 358 Etymol.
1526 316 1667 357 magn.
1702 316 1745 357 p.
1781 304 1881 353 751,

244 370 317 422 27,
343 370 437 422 ubi,
469 383 492 412 e
514 370 738 412 Polemone
765 371 942 414 adicitur
965 377 1067 426 quot
1092 373 1225 415 stadia
1250 374 1361 415 inter
1387 372 1685 414 Telmissenses
1706 372 1751 413 in
1771 372 1887 413 Caria

243 438 480 479 habitantes
497 443 540 479 et
560 439 710 480 urbem
733 440 1068 485 Halicarnassum
1090 441 1369 482 interfuerint.

299 577 452 619 Praeter
478 577 749 619 Polemonem
776 578 966 620 MNAsEAs
995 591 1163 633 quoque
1193 579 1376 621 Pam-anus
1407 580 1494 621 sive
1530 578 1768 633 Periegesin
1797 578 1884 620 sive

244 645 455 699 Periplum
473 647 773 699 conscripserat
792 646 915 699 (Hist.
939 658 1001 700 gr.
1022 646 1171 700 fragm.
1198 650 1230 686 t.
1257 647 1335 698 ΙΙΙ,
1361 659 1402 700 p.
1427 646 1538 699 149).
1566 648 1625 687 Ex
1650 646 1733 687 hoc
1759 656 1885 699 opere

243 714 512 767 desumptam
535 727 626 754 esse
650 714 858 767 proverbii
885 714 1228 767 explicationem,
1254 715 1373 755 cuius
1399 716 1595 755 meminit
1617 727 1715 755 cum
1732 714 1886 754 lexico-

242 781 410 834 graphis
440 781 715 834 Diogenianus
743 782 790 832 V,
817 781 861 832 6,
898 786 1069 835 apparet
1094 793 1117 823 e
1143 781 1388 823 collectione
1413 782 1541 824 altera
1566 781 1884 836 proverbiorum

244 850 354 900 apud
370 849 593 888 Millerum.
610 851 778 901 Legitur
799 851 914 888 enim
930 850 958 889 l.
975 850 1002 888 l.
1023 864 1063 902 p.
1085 851 1164 889 369
1186 865 1194 889 :
1219 854 1245 901 ἡ
1268 850 1411 904 Περγία
1425 851 1615 904 Ἄρτεμις·
1637 850 1734 900 αὕτη
1750 849 1885 887 τάττε-

242 930 304 956 ται
321 915 420 956 κατὰ
439 919 515 956 τῶν
537 916 706 971 ἀγύρτων
731 916 794 956 καὶ
814 915 1034 969 πλανήτων.
1061 916 1231 972 Παρόσον
1251 917 1315 957 καὶ
1338 919 1365 969 ἡ
1386 917 1473 964 θεὸς
1499 916 1596 969 αὕτη
1616 932 1674 963 τις
1694 914 1884 971 νομίζεται

244 983 402 1039 ἀγείρειν
419 983 475 1023 ἀεὶ
496 998 559 1022 και
579 983 809 1032 πλανᾶσθαι,
833 986 885 1030 ὡς
907 986 1043 1039 ἱστορεῖ
1069 984 1257 1031 Μνασέας.
1294 987 1371 1026 Pro
1398 984 1541 1040 Περγία
1569 985 1794 1039 legendum
1821 987 1884 1023 est

245 1051 412 1105 Περγαία
428 1052 575 1091 collato
593 1052 793 1092 Strabone
815 1053 906 1092 XIV
928 1065 968 1105 p.
995 1053 1074 1092 667
1087 1085 1097 1102 ‚
1127 1054 1337 1105 Stephano
1359 1054 1552 1106 Byzantio
1575 1066 1614 1092 v.
1636 1052 1765 1106 Πέργη
1792 1051 1882 1103 (ubi

247 1118 357 1160 male
379 1117 605 1173 Περγασίαῇ),
630 1119 893 1160 Artemidoro
912 1119 970 1170 ΙΙ,
997 1120 1068 1170 35,
1088 1132 1112 1161 a
1133 1121 1260 1174 Perga
1275 1121 1531 1175 Pamphyliae
1548 1120 1666 1162 urhe.

302 1255 490 1297 Testihus
519 1255 670 1308 quibus
698 1268 799 1296 usus
826 1260 890 1296 est
920 1256 963 1296 C.
990 1255 1212 1297 Muellerus
1242 1269 1562 1309 nonnumquam
1595 1268 1706 1296 unus
1727 1255 1884 1295 alterve

248 1324 354 1365 adici
375 1327 525 1378 potest.
554 1324 613 1364 Ita
634 1323 746 1377 quod
763 1335 786 1364 e
805 1323 1000 1377 Dionysio
1022 1323 1281 1365 Chalcidensi
1303 1324 1413 1379 apud
1433 1324 1630 1365 Ioannem
1650 1323 1811 1377 Lydum
1830 1321 1883 1362 de

247 1395 464 1433 mensibus
486 1406 527 1445 p.
550 1393 600 1431 78
623 1394 806 1432 Roether.
828 1393 979 1444 legitur
1002 1394 1125 1444 (Hist.
1150 1406 1210 1445 gr.
1236 1394 1286 1432 fr.
1305 1398 1336 1432 t.
1360 1395 1426 1442 IV,
1452 1407 1493 1445 p.
1515 1394 1629 1443 395),
1655 1394 1707 1431 de
1729 1392 1882 1443 Euripo

246 1462 401 1516 septies
439 1460 611 1515 singulis
648 1453 795 1502 diebus
831 1460 1132 1514 reciprocante,
1172 1460 1299 1502 habet
1331 1461 1458 1503 etiam
1491 1460 1626 1502 Schol.
1658 1459 1807 1502 Aesch.
1844 1471 1881 1499 c.

245 1530 427 1581 Ctesiph.
454 1530 473 1579 ἓ
495 1528 569 1577 90,
600 1541 638 1580 p.
673 1528 743 1566 131
770 1528 975 1567 Schultze.
1003 1529 1172 1568 Duobus
1192 1529 1345 1568 Tzetzae
1361 1529 1462 1569 locis
1479 1530 1522 1568 in
1539 1529 1692 1581 quibus
1713 1528 1885 1567 affertur

247 1598 467 1650 Dionysius
483 1596 671 1637 Rhodius
697 1596 819 1646 fflist.
845 1609 905 1648 gr.
922 1595 972 1636 fr.
988 1601 1018 1636 t.
1037 1597 1088 1646 ΙΙ,
1114 1610 1155 1649 p.
1181 1597 1246 1649 10>
1267 1597 1441 1638 addatur
1457 1598 1605 1638 tertius
1627 1598 1671 1637 in
1693 1596 1884 1637 eiusdem

244 1666 396 1706 Tzetzae
428 1664 553 1716 Exeg.
580 1663 622 1702 in
649 1663 747 1702 Iliad
766 1675 807 1716 p.
839 1662 935 1714 160,
966 1663 1002 1703 1.
1028 1663 1242 1716 Singulare
1268 1669 1310 1704 et
1336 1677 1456 1718 paene
1483 1663 1725 1704 incredibile
1751 1675 1885 1717 genus

245 1734 415 1783 mortis,
440 1744 523 1785 quo
546 1744 589 1772 se
607 1732 867 1771 interemerit
883 1731 1144 1772 nobilissima
1164 1732 1343 1783 femina,
1364 1733 1506 1773 Porcia
1526 1733 1640 1773 Bruti
1662 1733 1835 1783 coniux,
1862 1744 1885 1772 e

244 1801 412 1842 Nicolao
437 1801 690 1840 Damasceno
713 1804 754 1838 et
775 1799 938 1839 Valerio
963 1800 1144 1839 Maximo
1163 1800 1249 1852 (VI,
1276 1801 1317 1853 6)
1344 1805 1553 1841 memorat
1574 1801 1819 1841 Plutarchus
1842 1803 1883 1842 in

243 1870 327 1910 vita
355 1868 470 1910 Bruti
498 1872 545 1908 c.‘
564 1867 630 1907 53.
676 1867 833 1907 Locum
871 1866 1012 1907 retulit
1044 1867 1152 1908 inter
1184 1867 1340 1909 Nicolai
1375 1868 1620 1909 Damasceni
1652 1868 1886 1923 fragmenta

242 1938 286 1978 C.
322 1937 544 1977 Muellerus
574 1936 696 1984 <Hist.
726 1948 787 1988 gr.
818 1935 867 1975 fr.
888 1940 918 1975 t.
942 1936 1018 1985 ΙΙΙ,
1044 1948 1085 1989 p.
1112 1936 1225 1988 419).
1248 1938 1278 1977 Ε
1300 1936 1520 1978 Plutarcho
1536 1950 1613 1978 sua
1634 1951 1678 1979 se
1695 1939 1884 1981 hausisse

242 2004 424 2045 declarat
450 2005 623 2043 Ioannes
651 2003 812 2042 Tzetzes
830 2015 987 2042 comm.
1008 2004 1050 2042 in
1079 2003 1202 2043 Iliaca
1227 2017 1268 2056 p.
1304 2004 1352 2043 16
1379 2005 1591 2055 Schirach,
1618 2007 1728 2057 apud
1754 2020 1880 2058 quem

243 2072 345 2114 illud
367 2083 467 2113 sane
491 2071 648 2112 mirum
672 2074 753 2121 est,
785 2070 896 2125 quod
921 2083 996 2124 pro
1013 2071 1175 2113 Valerio
1197 2073 1378 2114 Maximo
1402 2069 1573 2127 Μάξιμον
1594 2073 1659 2113 τὸν
1681 2074 1884 2128 Αἰγινήτην

244 2140 436 2180 nominat
448 2139 693 2195 scriptorem
712 2138 954 2191 ceteroquin
971 2139 1176 2191 ignotum,
1191 2140 1271 2180 nisi
1287 2140 1459 2180 fortasse
1472 2137 1647 2195 Μάξιμον
1660 2141 1725 2180 τὸν
1736 2142 1880 2196 Αἰγιέα,

246 2208 365 2248 cuius
388 2207 451 2247 his
475 2206 670 2247 meminit
692 2205 963 2247 Philostratus
986 2206 1070 2247 vita
1099 2207 1303 2260 Apollonii
1330 2208 1482 2261 Tyanei
1506 2209 1542 2259 Ι,
1575 2209 1598 2249 3
1623 2213 1663 2249 et
1692 2210 1739 2250 12
1757 2211 1884 2264 signi-

245 2274 369 2315 ficare
392 2274 582 2314 voluerit.
