2101 3036
987 137 1165 171 -7—

251 212 408 253 scilicet
423 211 594 266 γενέσθαι
606 211 733 267 φησίν,
750 225 1022 253 communem
1045 212 1159 253 illam
1172 213 1341 253 Hesiodi
1356 213 1367 265 ζ
1372 212 1414 252 cf
1416 245 1424 252 .
1439 213 1650 265 Theogon.
1664 225 1704 252 v,
1724 213 1800 252 116
1817 214 1894 264 ss.)

252 286 378 335 atque
413 280 593 322 Acusilai
629 281 871 335 opinionem
910 285 1094 335 spectat,
1133 294 1261 335 quam
1299 286 1392 335 post
1432 281 1647 322 Platonem
1681 286 1724 322 et
1761 281 1896 323 Eude-

253 363 394 400 mum,
420 351 555 404 tetigit
579 351 706 392 etiam
726 352 799 404 qui
820 356 1113 404 argumentum
1138 351 1343 392 Theocriti
1373 352 1490 404 Idyll.
1515 353 1609 392 XIII
1635 352 1892 405 conscripsit.

254 421 299 460 In
327 421 475 461 ceteris
500 433 597 461 vero
624 420 702 460 tria
734 425 832 461 sunt
857 433 951 474 quae
977 421 1130 474 pariter
1159 420 1337 461 Acusilai
1371 425 1412 461 et
1439 421 1609 461 Hesiodi
1641 433 1893 461 consensum

251 489 489 529 ostendunt·
517 489 577 528 Ita
609 501 701 542 quae
728 489 780 528 de
806 488 972 529 Cerberi
1007 492 1101 528 ortu
1145 500 1194 528 ex
1229 488 1419 528 Acusilao
1450 488 1591 529 retulit
1624 488 1893 529 Philodemus

250 558 277 598 l.
298 557 327 598 1.
353 571 394 611 p.
426 558 496 607 14,
530 558 600 597 12:

1091 636 1244 683 Ἡσίοδος

888 729 895 735 .
910 729 937 736 ..
961 699 1018 735 καὶ
1043 698 1274 748 Ἀ)κουσίλαος

885 753 920 798 ἐξ
946 751 1109 806 Ἐχίδν)ης
1128 755 1186 791 καὶ
1200 757 1320 805 Τυφῶ-

880 827 933 855 νος
950 814 1007 849 τὸν
1024 815 1120 862 κόμα
1136 804 1261 863 Κέρβεῖ
1286 845 1291 857 ,,

884 872 967 920 ρον).
982 898 989 905 .
1004 899 1011 905 .

252 999 399 1038 eadem
418 1001 516 1037 sunt
533 1009 579 1036 ac
595 1009 689 1050 quae
706 997 748 1036 in
766 997 934 1036 Hesiodi
955 996 1190 1049 Theogonia
1206 1009 1246 1035 v.
1270 995 1350 1035 309
1369 1008 1423 1035 ss.
1444 1000 1678 1034 narrantur.
1700 996 1785 1035 Nec
1808 995 1894 1035 sola

252 1072 394 1108 tamen
416 1066 651 1119 Theogonia
675 1078 775 1106 usus
800 1070 887 1106 erat
907 1064 1144 1115 Acusilaus‚
1170 1065 1243 1105 sed
1270 1068 1312 1105 et
1339 1064 1428 1104 aliis
1450 1064 1707 1104 carminibus
1726 1064 1894 1116 mytho—

252 1135 395 1190 logicis
417 1135 601 1176 Hesiodi.
637 1134 755 1183 Quod
782 1146 880 1175 cum
907 1134 990 1174 iam
1018 1137 1240 1174 testaretur
1265 1131 1402 1173 Schol.
1427 1131 1616 1185 Apollon.
1645 1132 1779 1173 Rhod.
1810 1133 1887 1184 ΙΙΙ,

259 1206 362 1245 1123
388 1205 457 1258 (cf.
478 1204 631 1244 Acusil.
657 1204 705 1243 fr.
732 1204 797 1255 8),
827 1203 991 1243 duobus
1016 1203 1134 1242 novis
1157 1202 1319 1241 indiciis
1343 1202 1451 1254 apud
1470 1201 1764 1241 Philodemum
1783 1215 1893 1242 com-

255 1275 466 1328 probatur.
495 1274 539 1314 In
557 1273 694 1314 verbis
710 1273 823 1314 enim
845 1271 873 1313 1.
892 1271 920 1312 l.
947 1284 988 1325 p.
1012 1272 1058 1312 17
1072 1305 1083 1321 ‚
1110 1272 1134 1311 5
1155 1285 1163 1311 :

885 1404 942 1439 τὸν
969 1403 1187 1450 Ἀσκλζηπιὸν
1208 1397 1288 1437 δ’ὑ-

883 1458 928 1495 πὸ
947 1458 1020 1501 Διὸς
1035 1458 1213 1509 κεζραυνω-

885 1516 979 1556 θῆναι
997 1517 1170 1566 γέγρζαφεν
1194 1515 1253 1550 Ἡ-

888 1568 998 1615 σίοδος
1015 1572 1087 1620 aasz
1104 1567 1207 1608 Πίνδ-

884 1644 958 1680 αρος
975 1629 1032 1665 καὶ
1048 1624 1245 1679 ψε’ρεκύδης

886 1689 903 1722 ὁ
930 1686 1102 1727 Ἀθηναῖος
1122 1684 1193 1725 (καὶ
1208 1685 1319 1720 Πανύ-

885 1758 958 1785 ασις
972 1742 1030 1779 καὶ
1049 1737 1213 1792 Ἀζνδρων

885 1799 942 1837 καὶ
966 1798 1197 1846 Ἀκουσξίλαος
1213 1799 1271 1835 καὶ

882 1853 1072 1907 Εὐριπίδής
1082 1885 1090 1892 .
1104 1885 1111 1892 .
1125 1886 1133 1893 .

253 1988 424 2028 Hesiodi
450 1986 565 2026 locus
592 1986 664 2038 qui
690 1984 927 2038 respicitur,
954 1984 1067 2023 idem
1097 1988 1160 2023 est
1187 1995 1209 2022 e
1236 1995 1319 2035 quo
1349 1994 1493 2021 versus
1527 1981 1685 2034 aliquot
1710 1981 1895 2021 laudavit

251 2058 533 2109 Athenagoras
551 2056 690 2108 Legat.
713 2068 753 2107 p.
781 2054 871 2104 134,
888 2066 910 2094 e
927 2052 1127 2105 Catalogis
1142 2052 1229 2092 sive
1244 2051 1366 2101 Emis,
1388 2056 1435 2090 ut
1452 2051 1631 2100 videtur,
1647 2051 1894 2103 desumptos

255 2125 321 2180 (fr.
352 2125 480 2165 XLIX
502 2122 730 2176 Goettling).
757 2121 973 2175 Euripides
998 2133 1088 2161 rem
1117 2120 1207 2173 ipso
1232 2118 1448 2160 Alcestidis
1476 2117 1625 2159 fabulae
1656 2118 1775 2159 initio
1798 2117 1894 2159 teti-

250 2198 379 2248 gerat.
407 2193 651 2234 Ceterorum
676 2192 867 2241 nomina,
904 2194 1075 2243 excepto
1103 2190 1370 2241 Pherecydis,
1403 2189 1471 2229 cui
1497 2201 1657 2229 novum
1683 2189 1764 2229 hoc
1785 2189 1894 2243 frag-

251 2266 445 2303 mentum
474 2261 713 2302 addendum
736 2260 834 2310 erit,
866 2260 1022 2300 incerta
1043 2263 1162 2309 sunt,
1192 2258 1289 2299 licet
1313 2258 1412 2299 satis
1434 2257 1702 2311 probabiliter
1723 2269 1746 2298 a
1766 2257 1894 2299 Gom·
1933 2273 1935 2276 ·

252 2330 407 2383 pertzio
429 2333 621 2369 revocata
642 2328 875 2368 videantur.
