2101 3036
968 160 1020 167 —
1047 139 1171 175 11⁴-
1190 133 1193 136 ¹

249 218 478 273 quemdam
509 217 722 268 nominat,
757 216 870 270 quod
900 228 1058 257 nomen
1088 215 1216 269 igitur
1246 214 1543 269 Olympiodoro
1573 225 1742 268 quoque
1767 214 1889 255 resti-

247 286 456 328 tuendum
478 286 571 327 erit.

305 423 352 461 In
372 421 500 474 priori
520 420 835 473 proverbiorum
853 419 1095 460 collectione
1113 431 1138 460 a
1151 419 1312 460 Millero
1327 419 1459 469 edita,
1483 418 1576 459 haec
1596 418 1792 471 leguntur
1810 418 1841 458 1..
1854 418 1884 457 l.

247 502 290 544 p.
310 488 386 530 361
406 503 415 529 2
435 486 576 543 Αἰγιέες
597 486 681 527 οὔτε
694 485 916 543 τρίτοιοῦτε
930 485 1115 542 τέταρτοι.
1136 485 1311 533 Μνασέας
1326 488 1347 526 ὁ
1369 485 1537 541 Πατρεὺς
1553 482 1802 541 ἐξηγούμενος
1817 490 1885 526 τοῦ

246 558 357 604 ἔπους
380 557 514 597 τούτου
538 556 727 610 (fortasse
746 555 896 608 τοῦτον)
918 555 984 595 τὸν
1003 559 1089 595 νοῦν
1114 554 1239 610 λέγει,
1263 554 1321 595 ὅτι
1342 557 1377 595 οἱ
1398 557 1535 610 Αἰγιεῖς
1556 556 1595 594 ἐν
1620 553 1758 610 Ἀχαία
1777 554 1887 607 νική-

246 640 380 671 σαντες
395 623 603 670 Αἰτωλούς,
621 623 692 675 τὴν
708 622 850 662 Πυθίαν
866 622 1069 677 ἐπηρώτων
1079 654 1088 669 ,
1107 621 1206 669 τίνες
1226 619 1298 662 εἶεν
1315 622 1507 677 κρείττους
1525 625 1603 662 τῶν
1619 620 1821 674 Ἑλλήνων
1831 654 1840 668 ,
1859 624 1887 673 ἡ

247 687 286 733 δὲ
303 691 425 733 Πυθία
440 689 540 732 εἶπεν

664 779 758 826 ὑμεῖς
774 772 811 812 δὲ
832 777 960 826 Αἰγιέες
976 777 1052 811 οὔτε
1069 776 1175 826 τρίτοι
1189 777 1266 812 οὔτε
1283 778 1442 826 τέταρτοι
1453 803 1464 822 ‚

246 896 304 935 ὅτι
323 896 395 950 γὰρ
419 895 564 940 τούτοις
584 893 753 949 ἐχρήσθη
778 894 842 933 καὶ
870 897 912 934 οὐ
939 899 1149 949 Μεγαρεῦσι
1169 895 1233 933 καὶ
1254 894 1345 933 Ἴων
1367 895 1559 949 μέμνηται
1575 897 1614 933 ἐν
1633 898 1691 944 τῷ
1714 896 1767 940 εἰς
1791 899 1888 934 Σκυ-

247 958 378 1015 θιάδην
402 950 597 1016 ἐγκωμίῳ.
630 962 751 1002 Plura
776 962 829 1002 de
850 962 931 1002 hoc
952 962 1138 1012 oraculo,
1175 963 1295 1002 cuius
1321 967 1485 1015 septem
1508 975 1654 1002 versus
1680 962 1883 1013 afferunt,

248 1030 394 1072 Suidas
415 1033 458 1070 et
477 1029 648 1069 Photius
669 1028 868 1082 praebent.
900 1029 1017 1077 Quod
1047 1030 1159 1082 apud
1185 1029 1275 1070 illos
1301 1042 1471 1083 quoque
1500 1030 1713 1070 adiectum
1733 1029 1885 1083 legitur

250 1099 359 1139 Ioms
379 1109 555 1147 nomen,
580 1097 733 1137 frustra
747 1097 790 1136 in
817 1097 1097 1149 suspicionem
1120 1098 1283 1137 vocavit
1299 1098 1342 1137 C.
1368 1097 1593 1138 Muellerus
1611 1098 1736 1150 (Hist.
1760 1110 1885 1151 graec.

250 1167 301 1208 fr.
330 1171 362 1207 t.
396 1167 431 1206 II
458 1178 500 1219 p.
536 1165 623 1217 51),
653 1176 770 1216 cum,
805 1165 905 1205 satis
935 1164 1116 1205 invalida
1145 1165 1299 1206 Tzetzae
1330 1166 1577 1206 auctoritate
1608 1165 1759 1217 fretus,
1789 1166 1833 1206 id
1865 1178 1889 1206 e

251 1235 467 1287 scripturae
494 1233 743 1286 compendio
769 1236 900 1271 ΜΝΑΣ
926 1245 1001 1286 pro
1028 1232 1206 1273 Mnaseae
1234 1238 1376 1273 ortum
1402 1245 1493 1273 esse
1518 1237 1697 1287 putaret.
1729 1233 1890 1274 Titulus

253 1303 326 1356 qui
345 1302 415 1342 hic
430 1301 621 1342 laudatur
640 1299 833 1354 ἐγκωμίου
854 1301 905 1346 εἰς
919 1294 1126 1352 Σκυθιάδην
1147 1300 1245 1341 alibi
1260 1313 1346 1341 non
1358 1302 1556 1351 occurrit,
1577 1313 1656 1341 nec
1666 1302 1889 1342 hominem

252 1371 378 1411 huius
404 1370 587 1410 nominis
613 1369 824 1409 novimus.
851 1369 942 1416 Non
969 1369 1169 1409 dubitabo
1195 1369 1323 1422 igitur
1349 1381 1425 1422 pro
1452 1364 1680 1420 Σκυθιάδην,
1703 1364 1890 1408 Σκυθιάδα

252 1438 406 1491 legere,
435 1450 581 1478 eorum
608 1437 765 1477 scilicet
787 1449 970 1487 memor,
995 1449 1089 1490 quae
1112 1449 1134 1478 e
1159 1437 1363 1478 Nicanore
1379 1438 1638 1491 transcripsit
1654 1438 1890 1491 Stephanus

252 1507 470 1560 Byzantius
496 1519 536 1546 v.
566 1504 708 1557 Δῆλος.
725 1536 733 1544 .
750 1536 759 1544 .
790 1503 999 1556 κεκλῆσθαι
1029 1499 1068 1544 δὲ
1100 1505 1220 1557 αὐτὴν
1246 1505 1309 1544 καὶ
1339 1500 1524 1545 Σκυθιάδα
1554 1505 1727 1561 Νικάνωρ
1759 1520 1887 1561 φησιν.

252 1574 364 1627 Nihil
389 1575 503 1615 enim
525 1574 684 1614 mirum
707 1573 833 1614 habet
856 1574 1021 1624 Ionem,
1047 1574 1175 1614 simili
1201 1574 1329 1614 modo
1351 1587 1434 1627 quo
1462 1574 1647 1615 Athenas
1668 1578 1710 1615 et
1737 1575 1890 1615 Chium

249 1642 441 1683 laudibus
458 1641 624 1692 extulit,
650 1641 777 1681 etiam
796 1641 942 1682 Delum
960 1641 1140 1681 insulam
1154 1641 1241 1682 sive
1257 1642 1443 1683 carmine
1456 1643 1543 1682 sive
1559 1655 1682 1695 prosa
1702 1643 1891 1683 oratione

250 1710 493 1751 celebrasse.

303 1846 574 1888 Proverbium
595 1844 660 1885 τὸν
681 1844 854 1897 αὐλήτην
874 1844 1020 1896 αὐλεῖν,
1056 1846 1170 1899 quod
1191 1846 1292 1887 satis
1327 1850 1423 1900 apte
1454 1846 1652 1898 fortasse,
1689 1859 1788 1888 cum
1817 1848 1891 1888 tri-

246 1916 412 1957 tissimo
434 1908 525 1955 illo:
555 1927 640 1954 «ne
660 1918 793 1954 sutor
817 1913 951 1954 ultra
972 1914 1238 1967 crepidam»
1265 1915 1475 1966 conferas,
1502 1915 1660 1969 absque
1676 1915 1761 1956 ulla
1781 1916 1890 1956 indi-

249 1985 411 2027 catione
442 1984 594 2038 legitur
629 1983 673 2023 in
701 1982 940 2037 Appendice
976 1982 1295 2024 Proverbiorum
1333 1984 1404 2034 IV,
1446 1983 1514 2024 94.
1553 1984 1612 2024 Eo
1644 1996 1773 2025 usum
1800 1996 1892 2024 esse

248 2053 539 2093 Philemonem
561 2055 730 2103 poetam
746 2051 959 2090 comicum
981 2054 1157 2091 testatur
1173 2056 1317 2091 auctor
1340 2051 1597 2091 collectionis
1618 2051 1789 2091 alterius
1805 2064 1895 2105 pro-

249 2120 490 2161 verbiorum
512 2119 622 2172 apud
642 2117 850 2159 Millerum
876 2117 904 2158 1.
927 2117 956 2158 1.
980 2130 1022 2172 p.
1043 2116 1145 2170 368,
1177 2119 1250 2172 qui
1271 2118 1399 2160 simul
1420 2118 1473 2160 de
1490 2119 1581 2160 eius
1602 2118 1763 2172 origine
1784 2131 1895 2160 nova

250 2189 444 2243 quaedam
462 2187 655 2241 apposuit
670 2199 693 2227 e
708 2188 984 2237 DmAEARcHo,
1006 2199 1120 2240 quae,
1140 2188 1231 2227 sine
1247 2187 1396 2238 dubio,
1418 2187 1470 2227 ad
1492 2187 1582 2227 eius
1601 2186 1684 2226 Βίον
1699 2181 1895 2233 Ἔλλαδος

233 2256 467 2298 'referenda
492 2261 614 2296 sunt:
643 2253 867 2309 Δικαίαρχος
894 2249 934 2293 δέ
963 2268 1075 2309 φησιν
1101 2254 1160 2295 ὅτι
1179 2254 1354 2306 αὐλήτης
1374 2269 1432 2301 τις
1455 2254 1602 2309 ἐγένετο
1624 2255 1679 2309 μὴ
1699 2255 1796 2294 πάνυ
1816 2258 1897 2300 τοῖς

252 2323 471 2377 αὐλητικοῖς
497 2322 671 2378 ἐμμένων
695 2320 904 2377 (ἐμμαίνων
932 2322 1040 2363 coni.
1065 2322 1234 2375 Miller.)
1257 2321 1408 2377 λόγοις,
1433 2321 1540 2363 ἀλλὰ
1559 2326 1787 2378 παρακινῶν·
1812 2321 1895 2364 ὅθεν
