2101 3036
969 183 1147 219 -6-

227 272 326 301 vero
359 261 412 301 ad
438 261 676 302 Eudemum
704 261 917 302 Rhodium
949 262 1117 311 attinet,
1153 261 1462 302 nobilissimum
1496 260 1728 302 Aristotelis
1754 260 1880 300 disci-

228 328 398 382 pulum,
429 329 522 370 talis
553 330 733 382 suspicio
755 342 808 370 ne
830 329 928 369 oriri
951 330 1123 382 quidem
1155 329 1321 382 poterit.
1354 330 1412 370 Ex
1439 329 1564 370 huius
1595 332 1738 370 autem
1765 327 1880 368 libris

228 409 327 437 cum
351 397 429 437 alia
455 398 628 438 fortasse
650 402 742 437 tum
765 401 876 437 certe
899 396 966 437 illa
989 396 1199 437 fluxerunt
1226 410 1319 450 quae
1343 410 1393 438 ex
1421 397 1612 438 Acusilao
1634 396 1776 438 retulit
1804 397 1880 436 Da-

228 467 425 506 mascius.
457 466 577 518 Fugit
605 466 684 505 hoc
710 466 753 505 C.
780 465 964 505 Muelleri
986 465 1265 517 diligentiam,
1286 466 1358 517 qui
1376 466 1581 506 Damascii
1607 464 1756 514 verba,
1782 477 1879 505 cum

229 544 277 574 ea
300 545 323 574 e
345 533 491 574 Wolfii
508 533 730 574 Anecdotis
745 533 890 586 graecis
908 538 938 573 t.
964 533 1039 583 ΙΙΙ,
1066 546 1105 585 p.
1123 532 1225 582 257,
1245 537 1412 574 tantum
1430 546 1514 574 non
1532 533 1691 586 integra
1704 533 1881 585 exscrip-

228 602 369 652 sisset,
395 602 554 655 optimo
583 614 682 642 sane
703 602 794 642 iure
816 613 913 641 cum
936 601 986 641 iis
1008 602 1224 641 coniunxit
1244 614 1338 654 quae
1361 602 1413 642 de
1439 601 1629 642 Acusilao
1655 602 1765 642 dicta
1784 605 1881 641 sunt

227 670 271 710 in
293 670 474 711 Platonis
497 670 694 710 Convivio
711 682 752 723 p.
780 668 879 709 178h
905 670 974 722 (cf.
995 670 1172 710 Acusilai
1189 669 1239 710 fr.
1270 670 1285 709 1
1313 670 1354 710 in
1376 670 1531 710 Histor.
1551 683 1612 723 gr.
1629 671 1778 722 fragm.
1795 674 1825 709 t.
1845 670 1876 719 l,

228 752 270 791 p.
303 740 412 789 100).
449 739 575 779 Multa
605 744 747 779 autem
772 739 890 792 plura
923 744 1020 779 sunt
1041 751 1135 791 quae
1164 738 1359 791 leguntur
1386 739 1429 778 in
1458 738 1663 778 Damascii
1690 737 1794 777 libro
1828 738 1880 778 de

228 807 466 860 Principiis,
486 807 652 860 qualem
676 807 803 848 edidit
822 807 1023 860 Koppius.
1046 807 1272 860 Postquam
1294 807 1408 847 enim
1426 806 1529 847 dixit
1550 805 1578 846 l.
1599 805 1627 846 1.
1651 818 1692 859 p.
1710 806 1811 846 382:
1837 807 1880 844 ἐκ

230 870 268 914 δὲ
289 875 435 914 τούτων
460 876 633 927 (scilicet
656 888 706 916 ex
729 876 862 916 Erebo
885 880 932 917 et.
950 876 1095 927 Nocte>
1121 875 1211 930 φησὶ
1235 875 1447 930 μιχθέντων
1469 875 1602 930 Αἰθέρα
1622 875 1793 929 γενέσθαι
1814 874 1878 913 καὶ

225 941 379 998 Ἔρωτα
394 942 458 982 καὶ
481 947 624 995 Μῆτιν,
649 943 718 989 τὰς
738 947 837 998 τρεῖς
851 942 993 989 ταύτας
1012 943 1151 995 νοητὰς
1172 943 1397 989 ὑποστάσεις
1409 975 1417 990 ,
1443 944 1587 984 statim
1605 943 1696 984 haec
1713 943 1879 984 subiun-

228 1012 312 1064 git:
338 1012 409 1062 τὴν
432 1011 500 1065 μὲν
527 1012 644 1065 ἀκρὰν
670 1010 801 1065 Αἰθέρα
826 1015 960 1056 ποιῶν,
984 1011 1056 1061 τὴν
1089 1006 1127 1048 δὲ
1161 1011 1280 1064 μέσην
1300 1011 1452 1065 ’Ἔρωτα
1482 1012 1583 1050 κατὰ
1613 1012 1685 1062 τὴν
1712 1011 1877 1065 φυσικὴν

230 1079 425 1133 μεσότητα
445 1083 512 1119 τοῦ
527 1079 685 1134 ἔρωτος,
710 1079 781 1130 τὴν
804 1073 842 1118 δὲ
864 1077 996 1133 τρίτην
1023 1083 1164 1130 Μῆτιν,
1189 1078 1277 1119 κατ’
1295 1079 1407 1119 αὐτὸν
1427 1074 1503 1131 ἤδη
1525 1079 1590 1119 τὸν
1611 1078 1875 1133 πολυτίμητον

226 1151 325 1188 νοῦν.
344 1147 503 1203 παράγει
525 1142 563 1186 δὲ
586 1146 644 1186 ἐπὶ
661 1146 807 1192 τούτοις
825 1148 868 1185 ἐκ
887 1149 964 1185 τῶν
981 1149 1105 1185 αὐτῶν
1121 1146 1184 1185 καὶ
1206 1146 1338 1186 ἄλλων
1354 1150 1453 1186 θεῶν
1468 1146 1587 1186 πολὺν
1604 1146 1759 1202 ἀριθμὸν
1775 1147 1877 1187 κατὰ

226 1216 298 1267 τὴν
321 1211 528 1270 Εὐδήμου
552 1215 771 1271 ἱστορίαν.
797 1217 1014 1265 Ceterum,
1039 1222 1085 1256 ut
1107 1217 1191 1256 iam
1209 1218 1251 1256 in
1269 1217 1602 1269 praecedentibus
1618 1217 1645 1257 l.
1671 1217 1699 1256 l.
1716 1230 1757 1269 p.
1775 1217 1872 1266 382,

224 1285 281 1326 ita
304 1290 447 1338 postea
459 1298 499 1338 p.
516 1285 612 1335 384,
633 1285 870 1326 Eudemum
889 1285 1080 1325 nominat
1099 1285 1353 1336 Damascius‚
1375 1298 1502 1339 quem
1520 1290 1687 1326 secutus
1705 1291 1814 1327 esset
1832 1286 1875 1327 in

223 1354 521 1395 enumerandis
544 1353 929 1394 vetustissimorum
956 1353 1008 1393 de
1034 1353 1209 1393 deorum
1232 1354 1390 1407 origine
1413 1353 1678 1407 opinionibus
1698 1355 1766 1407 (cf.
1794 1355 1875 1395 Eu-

225 1424 339 1463 demi
362 1424 514 1463 Rhodii
536 1422 792 1475 peripatetici
824 1423 1055 1474 fragmenta
1080 1423 1145 1462 ed.
1173 1423 1369 1475 Spengel,
1395 1424 1444 1463 fr.
1472 1424 1649 1474 CXVII).
1676 1424 1793 1471 Quod
1815 1424 1870 1473 si,

226 1497 269 1532 ut
293 1491 490 1541 arbitror,
527 1503 673 1531 verum
709 1495 923 1530 assecutus
955 1495 1014 1530 est
1050 1490 1280 1540 Vsenerus,
1316 1503 1412 1531 cum
1442 1491 1484 1531 in
1515 1490 1875 1531 Analectistheo-

226 1560 430 1613 phrasteis
452 1572 493 1612 p.
527 1559 572 1598 17
593 1559 821 1607 coniceret,
855 1572 925 1598 sex
950 1558 1076 1598 libros
1100 1562 1176 1597 τῶν
1196 1558 1276 1613 περὶ
1291 1558 1336 1598 τὸ
1357 1563 1459 1598 θεῖον
1482 1558 1667 1613 ἱστορίας,
1688 1560 1730 1599 in
1753 1560 1876 1600 tertia

223 1633 338 1680 parte
354 1626 506 1667 tabulae
524 1627 775 1679 scriptorum
794 1626 1189 1679 theophrasteorum
1208 1627 1365 1679 positos
1377 1660 1387 1676 ‚
1409 1628 1548 1680 potius
1565 1628 1616 1668 ad
1634 1628 1873 1668 Eudemum

223 1695 488 1748 pertinuisse,
510 1695 594 1734 iam
613 1694 885 1735 manifestum
904 1693 965 1743 fit,
985 1694 1197 1734 undenam
1216 1707 1314 1734 cum
1338 1694 1404 1735 his
1424 1695 1630 1736 Damascii
1650 1696 1871 1749 excerptis,

222 1764 291 1805 illa
321 1775 488 1817 quoque
525 1762 720 1803 fluxerint
762 1775 856 1815 quse
891 1775 941 1802 ex
973 1762 1163 1803 Eudemo
1201 1762 1324 1803 habet
1359 1763 1564 1815 Diogenes
1602 1763 1791 1803 Laertius
1831 1763 1874 1803 in

222 1833 466 1887 prooemio}
495 1832 519 1872 9
546 1832 614 1884 (cf.
641 1831 690 1872 fr.
717 1831 880 1871 CXVIII
904 1830 1113 1884 Spengely.
1148 1832 1233 1872 Nec
1261 1831 1402 1872 minus
1435 1844 1484 1872 ex
1518 1831 1668 1872 eodem
1701 1832 1875 1873 fortasse

221 1902 335 1942 fonte
356 1901 541 1941 derivata
564 1905 703 1949 erant,
730 1912 991 1953 quaecunque
1020 1912 1128 1940 nova
1156 1900 1333 1957 Acusilai
1361 1900 1596 1953 fragmenta
1620 1901 1825 1941 accedunt
1852 1913 1875 1941 e

221 1970 574 2011 Philodemi'libro
590 1970 642 2009 de
665 1969 840 2021 pietate,
867 1969 939 2021 qui
963 1982 1059 2008 cum
1083 1969 1269 2021 primum
1294 1970 1335 2008 in
1359 1969 1736 2009 Herculanensium
1754 1969 1871 2010 volu-

220 2039 385 2080 minum
414 2050 506 2092 quae
530 2041 749 2091 supersunt
780 2035 1035 2077 collectionis
1062 2036 1231 2077 alterius
1263 2041 1381 2078 tomo
1415 2036 1599 2077 secundo
1632 2036 1868 2090 publicatus

220 2113 348 2156 essct,
375 2119 508 2159 nuper
530 2106 755 2145 salutarem
783 2117 928 2144 curam
955 2106 1207 2157 Gompertzii
1235 2110 1432 2157 expertus
1462 2111 1538 2145 est.
1560 2107 1746 2153 Quorum
1764 2107 1873 2160 frag-

221 2181 483 2225 mentorum,
509 2174 621 2227 quod
644 2174 753 2226 apud
770 2174 883 2214 hunc
906 2173 1057 2226 legitur
1078 2187 1118 2226 p.
1141 2174 1214 2224 61,
1249 2174 1319 2214 13:

914 2267 1157 2317 ’Ano-›cismm

853 2320 938 2370 δ’ἐκ)
957 2325 1066 2365 Χάους
1081 2326 1215 2373 πρώτου

852 2376 997 2430 τᾶλ)λα.
1012 2409 1018 2416 .
1033 2408 1040 2415 .
