2101 3036
985 209 1036 215 -
1066 190 1112 225 12
1137 209 1188 216 .-

261 267 314 310 εἰς
333 263 537 319 παροιμίαν
557 262 675 317 ἦλθεν
696 266 716 304 ὁ
737 263 866 319 λόγος.
908 266 953 306 ln
979 265 1117 307 verbis
1144 265 1494 320 paroemiographi
1514 265 1668 307 frustra
1687 263 1804 319 ἦλθεν
1825 267 1913 308 sive

262 332 442 388 περιέστη
473 333 736 374 desiderabat
764 332 1018 384 Meinekius,
1055 334 1127 387 qui
1154 333 1268 374 hunc
1298 333 1440 375 locum
1472 335 1664 376 tractavit
1690 336 1734 376 in
1757 336 1914 377 Herma

263 406 294 443 t.
324 403 402 453 ΙΙΙ,
427 416 469 456 p.
496 402 597 452 456,
624 401 802 442 verbum
821 402 936 442 enim
956 406 1090 442 exstat
1107 402 1217 455 apud
1234 402 1458 443 Millerum.
1483 403 1634 444 Contra
1649 404 1914 458 probandum

263 471 458 525 estquod
479 470 593 511 idem
616 469 854 510 Meinekius
876 469 919 509 in
942 469 1169 510 Dicaearchi
1192 469 1331 511 verbis
1356 482 1431 524 pro
1452 469 1601 525 λόγοις,
1625 470 1753 526 νόμοις
1768 471 1915 526 reponi

263 539 396 580 iubet.
416 539 584 580 Etenim
606 536 717 591 λόγοι
732 537 814 592 περὶ
836 536 1052 589 αὐλητικῆς
1073 538 1142 578 vix
1164 537 1364 589 αὐλητικοὶ
1385 539 1466 580 dici
1492 543 1676 592 possent.
1702 540 1821 588 Quod
1842 552 1915 581 au-

262 612 354 648 tem
371 620 395 648 a
410 606 570 648 Millero
582 609 794 647 tentatum
813 610 878 646 est
893 604 1089 660 ἐμμένων,
1106 606 1147 646 id
1165 610 1260 660 apte
1277 606 1482 647 tutabitur
1497 607 1612 647 Plato
1629 607 1805 661 Republ.
1821 608 1911 658 VII,

262 690 304 731 p.
332 677 413 718 540
429 684 440 696 ““
457 676 529 717 ubi
555 675 708 729 legitur
729 689 738 716 ι
773 674 1023 730 βασανιστέον
1056 676 1086 715 εἰ
1120 676 1342 730 ἐμμενοῦσιν
1375 674 1571 730 ἑλκόμενοι
1596 675 1811 732 παντάχοσε
1830 675 1855 728 ἤ
1876 690 1914 716 τι

263 744 327 784 καὶ
358 744 668 800 παρακινήσουσι.
702 744 899 784 Ceterum
938 744 991 784 de
1023 744 1113 797 ipso
1144 743 1363 797 proverbio
1393 743 1581 797 pluribus
1606 744 1767 785 dictum
1801 747 1864 785 est
1890 755 1914 784 a

263 813 473 853 Meinekio
493 813 537 852 in
557 812 766 852 Analectis
789 812 840 852 ad
857 812 1106 852 Athenaeum
1129 824 1170 863 p.
1202 812 1292 851 150.

319 950 611 991 Dicaearchum
654 949 976 1003 peripateticum
1019 949 1263 1001 insequatur
1294 949 1537 989 Hssnmmpus
1567 950 1814 991 SMYRNAEUS
1845 950 1913 991 eui

265 1020 380 1059 idem
413 1030 650 1071 cognomen
682 1017 956 1070 peripatetico
984 1016 1173 1057 additum
1203 1021 1280 1057 est.
1319 1017 1365 1056 ln
1397 1029 1526 1069 quem
1559 1030 1658 1058 cum
1684 1017 1786 1059 olim
1812 1018 1912 1059 satis

260 1088 538 1129 vehementer
566 1087 757 1126 invectus
787 1089 896 1126 esset
925 1084 1170 1125 Meinersius
1198 1084 1239 1124 in
1271 1084 1376 1125 libro
1408 1085 1668 1127 Gesclziehte
1689 1086 1773 1127 der
1802 1086 1910 1128 Wis-

259 1155 562 1208 sensclzaften
592 1154 811 1207 inscripto,
842 1158 873 1193 t.
908 1154 943 1204 Ι,
975 1166 1015 1206 p.
1049 1152 1149 1203 228,
1176 1165 1260 1193 non
1293 1153 1435 1193 minus
1466 1153 1640 1194 fortasse
1671 1155 1794 1207 paulo
1831 1155 1908 1195 ini-

258 1224 452 1278 quiorem
476 1235 522 1264 se
547 1234 683 1276 nuper
707 1221 887 1276 praebuit
913 1220 1319 1263 Schaarschmidtius
1346 1221 1389 1262 in
1417 1220 1523 1263 libro
1545 1234 1622 1263 suo
1643 1222 1719 1264 die
1741 1222 1907 1279 angleb-

260 1292 379 1333 liche
399 1290 790 1345 Schriftstellerei
808 1290 887 1330 des
909 1289 1174 1340 Philalaos,
1200 1303 1241 1343 p.
1262 1290 1329 1329 76.
1351 1291 1428 1338 Qui
1450 1291 1563 1330 enim
1587 1291 1676 1331 iure
1697 1291 1906 1333 affirmare

257 1361 399 1411 liceat,
441 1360 724 1413 Hermippum
757 1358 1059 1399 absurdissima
1096 1370 1275 1412 quaeque
1304 1358 1547 1410 contulisse,
1588 1360 1653 1400 vel
1679 1359 1745 1400 his
1776 1361 1904 1402 etiam

257 1428 502 1470 absurdiora
523 1428 665 1480 ipsum
688 1426 963 1479 excogitasse,
997 1430 1045 1466 ut
1066 1426 1215 1466 ceteris
1236 1425 1365 1467 fidem
1386 1427 1484 1468 inde
1507 1428 1762 1480 conciliaret,
1787 1430 1904 1483 equi-

258 1498 359 1538 dem
387 1496 569 1536 minime
596 1508 667 1536 me
694 1495 835 1535 videre
854 1494 999 1535 fateor.
1026 1494 1191 1534 Crimen
1215 1495 1258 1534 in
1280 1494 1370 1535 illos
1396 1496 1535 1548 potius
1552 1496 1739 1538 conferre
1762 1498 1900 1548 decet,

259 1565 504 1607 recentioris
524 1564 659 1605 aetatis
676 1563 918 1616 scriptores,
945 1562 1017 1615 qui
1035 1562 1201 1602 omissis
1218 1562 1450 1604 utilioribus
1466 1564 1509 1604 in
1531 1564 1749 1618 Hermippi
1765 1566 1901 1617 libris,

257 1634 431 1687 optimae
463 1632 595 1685 frugis
627 1631 904 1684 plenissimis,
936 1642 1073 1670 meras
1100 1643 1230 1683 nugas
1263 1643 1483 1684 excerpere
1514 1632 1771 1683 maluerunt,
1802 1647 1906 1687 quas

257 1703 345 1754 ille,
378 1703 422 1742 in
453 1702 535 1742 hoc
561 1699 755 1741 videlicet
782 1698 1013 1739 Aristotelis
1047 1702 1367 1753 ceterorumque
1389 1699 1673 1754 antiquiorum
1699 1702 1905 1756 peripate-

260 1772 444 1812 ticorum
467 1768 711 1822 exemplum
735 1771 924 1817 secutus,
951 1779 1287 1807 commemorare
1307 1780 1391 1807 non
1408 1768 1680 1821 adspernatus
1696 1775 1802 1821 erat,
1828 1772 1906 1812 etsi

256 1839 452 1893 probatas
474 1838 526 1878 ab
543 1837 613 1877 illo
637 1837 787 1885 fuisse,
809 1834 920 1875 nulla
941 1835 1102 1875 ratione
1119 1835 1397 1875 demonstrari
1413 1840 1563 1889 potest.
1585 1837 1703 1885 Quod
1719 1839 1773 1890 si,
1798 1852 1905 1892 prae-

255 1907 404 1948 sertim
445 1906 650 1958 Diogenes
688 1903 899 1953 Laertius,
941 1903 1100 1943 maiore
1137 1902 1350 1956 diligentia
1377 1904 1651 1957 prudentiave
1687 1906 1904 1962 Hermippi

254 1975 371 2015 libris
398 1986 500 2015 usus
520 1977 650 2023 esset,
678 1972 761 2012 iam
786 1970 920 2012 multa
942 1983 1089 2011 eorum
1115 1984 1207 2024 quae
1230 1971 1280 2011 ad
1299 1971 1482 2025 antiquae
1504 1972 1744 2013 Graecorum
1770 1974 1903 2028 philo-

253 2044 413 2096 sophiae
430 2042 626 2082 notitiam
645 2041 875 2094 pertinent,
891 2040 1018 2079 hodie
1034 2053 1118 2078 non
1136 2044 1223 2079 tam
1237 2040 1379 2092 spissis
1391 2040 1574 2080 tenebris
1590 2041 1899 2094 obtegerentur.

254 2113 343 2154 Hoc
364 2124 463 2152 cum
488 2110 624 2151 multa
646 2109 725 2151 alia
746 2108 899 2150 indicia
919 2107 1115 2162 probant,
1142 2112 1234 2149 tum
1263 2108 1497 2161 praesertim
1523 2108 1681 2151 scholia
1707 2111 1901 2164 quaedam

253 2181 445 2223 breviora
465 2180 510 2221 in
527 2178 743 2221 codicibus
764 2177 976 2218 nonnullis
998 2177 1271 2230 Theophrasti
1290 2176 1438 2217 libellis
1460 2178 1682 2231 adscripta,
1705 2191 1727 2219 e
1748 2180 1900 2234 quibus

251 2250 370 2290 facile
409 2248 660 2303 perspicitur
700 2244 980 2298 Hermippum
1022 2245 1393 2297 diligentissimum
1429 2245 1557 2286 fuisse
1598 2247 1640 2286 in
1679 2247 1899 2290 afferendis

254 2319 384 2359 titulis
420 2318 627 2357 librorum
666 2327 690 2355 a
726 2313 900 2367 singulis
940 2313 1199 2367 philosophis
1234 2313 1579 2366 conscriptorum.
1614 2316 1777 2357 Scholia
1807 2317 1897 2358 haec

252 2385 443 2430 addenda
465 2387 564 2424 suut
592 2382 809 2435 Hermippi
836 2381 1080 2435 fragmentis
1097 2381 1207 2435 apud
1230 2381 1272 2421 C.
1301 2380 1544 2422 Muellerum
1568 2383 1750 2425 collectis
1769 2385 1891 2431 (Hist.
