2101 3036
953 194 1004 201 -
1032 174 1079 211 16
1105 194 1156 202 ,-

288 246 437 288 Finem
458 252 602 288 autem
621 249 705 289 iam
729 249 946 302 imponam
970 250 1070 291 huic
1090 262 1188 291 meo
1208 249 1488 305 qualicunque
1509 249 1742 304 spicilegio,
1761 251 1883 305 plura

231 313 408 357 fortasse
430 315 510 356 alia
530 317 749 357 occasione
764 317 959 369 daturus,
981 318 1016 358 si
1032 319 1148 372 prius
1168 318 1366 359 addidero
1386 318 1530 359 locum
1547 318 1782 371 scriptoris,
1808 320 1883 373 qui

233 381 311 421 etsi
344 382 553 424 Plutarchi
579 384 751 437 aequalis
772 384 870 435 fuit,
898 385 966 424 vix
991 389 1135 425 tamen
1163 386 1254 426 eius
1280 386 1376 425 vitis
1409 386 1471 426 uti
1493 386 1644 438 potuit.
1672 387 1882 427 Aniumus

231 448 536 492 N1c0MEnENsls
570 455 633 493 est
660 464 683 493 e
712 452 830 494 cuius
862 452 1065 495 Parthicis
1099 453 1271 507 (Histor.
1306 466 1429 508 graec.
1454 452 1506 494 fr.
1533 457 1567 494 t.
1588 453 1668 505 III,
1693 467 1735 508 p.
1757 453 1878 508 586),

230 519 345 571 quod
356 520 546 573 sequitur
557 525 802 573 excerptum
820 525 955 562 exstat
972 522 1083 576 apud
1099 522 1363 575 Simplicium
1380 522 1423 562 in
1440 522 1609 563 Aristot.
1635 526 1815 576 categor.
1840 521 1883 562 λ’

230 583 259 625 f.
286 585 311 625 6
329 587 394 627 ed.
416 592 554 629 venet.
575 601 616 642 p.
639 589 716 629 70·
733 589 757 629 9
775 590 974 630 Brandis:
1001 589 1065 628 καὶ
1086 589 1156 629 ὑπὸ
1178 589 1385 645 φαρμάκων
1413 583 1453 629 δὲ
1475 588 1717 630 ἐπιλαθέσθαι
1741 589 1881 645 συνέβη

228 653 400 703 πάντων,
424 657 477 702 ὡς
496 659 575 703 τοῖς
594 657 691 712 μετὰ
716 656 935 697 Ἀντωνίνου
955 661 1023 697 τοῦ
1048 656 1246 712 Ῥωμαίων
1262 661 1477 712 στρατηγοῦ
1494 656 1655 712 Πάρθοις
1672 657 1882 713 πολεμοῦσι

229 720 369 776 συνέβη
390 722 449 763 ἐπὶ
480 723 643 779 βοτάνης
661 725 763 772 τινὸς
784 720 926 780 ἐδωδῇ,
951 727 1003 772 ὡς
1029 725 1193 781 Ἀριανὸς
1221 726 1373 779 (immo
1394 724 1596 780 Ἀρριανός)
1621 725 1817 780 ἱστόρησεν
1843 728 1882 766 ἐν

227 793 308 835 τοῖς
330 791 549 846 Παρθικοῖς,
573 793 677 845 πλὴν
694 793 752 833 ὅτι
769 796 903 832 ἐκεῖνοι
918 793 1044 848 χρόνῳ
1064 793 1180 832 πάλιν
1191 792 1504 845 ἀπεκατέστησαν
1520 795 1558 839 ἐς
1574 792 1619 832 τὸ
1635 793 1736 833 κατὰ
1754 793 1877 849 φύσιν,

229 855 309 897 ὅσοι
325 859 604 914 περιεσώθησαν
620 861 805 901 οἰνελαίου
826 861 998 916 πόματος
1019 861 1306 916 εὐπορήσαντες·
1327 864 1439 900 τοῦτο
1460 860 1532 915 γὰρ
1550 863 1593 899 ἐκ
1614 867 1879 915 περιπτώσεως

227 926 355 981 εὑρέθη
377 932 444 968 τοῦ
467 928 607 976 πάθους
631 928 823 986 βοήθημα.
844 931 922 971 Pro
943 928 1162 970 Ἀντωνίνου
1191 929 1293 985 quin
1322 929 1391 970 hic
1429 929 1699 971 scribendum
1722 930 1776 972 Sit
1800 929 1881 970 Ἀν-

223 996 380 1049 τωνίου,
415 1011 543 1039 nemo
583 1004 646 1040 est
682 1001 782 1053 quin
817 1000 959 1040 statim
996 1000 1156 1050 videat,
1192 999 1357 1039 etiamsi
1389 1010 1474 1040 non
1506 999 1656 1040 eadem
1688 1004 1877 1042 narraret

226 1068 472 1109 Plutarchus
495 1068 537 1107 in
555 1068 640 1108 vita
656 1068 825 1108 Antonii
848 1081 884 1108 c.
906 1068 977 1118 45,
998 1068 1111 1108 unde
1128 1068 1171 1107 in
1193 1068 1523 1120 Pseudoappiani
1546 1068 1737 1108 Parthica
1757 1081 1798 1121 p.
1821 1069 1874 1108 92

224 1137 549 1190 SchweighaeUS.
576 1135 688 1176 illata
720 1140 833 1176 sunt.
867 1135 1016 1177 Nescio
1051 1148 1103 1176 an
1136 1148 1185 1176 ex
1219 1135 1390 1176 Arriano
1419 1135 1462 1175 in
1496 1135 1634 1176 verbis
1666 1135 1875 1177 Plutarchi

220 1204 299 1244 ἐπεὶ
313 1204 358 1245 τὸ
376 1203 489 1259 μόνον
511 1202 727 1251 ἀντιπαθές,
747 1199 864 1250 οἶνος,
885 1200 1049 1250 ἐξέλιπε,
1079 1203 1350 1244 scribendum
1369 1202 1423 1243 sit
1444 1202 1643 1244 οἰνέλαιον.
1669 1203 1804 1244 Huius
1820 1207 1868 1244 ut

221 1273 398 1315 antidoti
420 1272 669 1312 meminisse
690 1271 857 1312 videtur
873 1271 1081 1311 Nicander
1101 1271 1384 1324 Alexipharm.
1405 1283 1446 1310 v,
1476 1269 1572 1321 178,
1592 1283 1751 1311 nomen
1768 1284 1868 1312 vero

220 1343 361 1396 ipsum
384 1340 591 1394 reperitur
606 1340 716 1393 apud
733 1339 938 1380 Galenum
954 1339 1007 1379 de
1026 1339 1246 1392 composit.
1262 1338 1486 1379 medicam.
1507 1351 1582 1392 per
1596 1351 1750 1392 genera
1767 1340 1803 1390 1,
1824 1339 1866 1391 8,

220 1415 252 1451 t.
272 1409 368 1449 XIII
391 1421 431 1461 p.
453 1407 533 1448 404
552 1407 617 1447 ed.
644 1407 812 1447 Kuehn.
836 1411 878 1447 et
899 1407 1009 1460 apud
1032 1406 1391 1459 Pseudogalenum
1413 1406 1465 1446 de
1486 1407 1646 1447 remed.
1671 1407 1811 1460 parab.
1837 1408 1865 1448 1.

224 1478 302 1527 ΙΙΙ,
328 1481 358 1516 t.
384 1476 478 1515 XIV
496 1488 536 1528 p.
559 1474 655 1513 507.
