2101 3036
948 169 1151 205 ..13-

226 257 288 300 gr.
307 245 358 288 fr.
384 250 415 288 t.
442 246 518 298 111,
543 259 585 300 p.
614 246 667 286 35
696 247 789 299 ss).
820 246 1007 295 Quorum
1036 245 1150 300 quod
1174 244 1327 300 legitur
1353 246 1473 287 initio
1500 244 1595 287 libri
1621 245 1790 299 septimi
1816 245 1869 287 de

224 313 381 354 Plantis
406 314 488 354 hoc
519 318 607 355 est:
642 313 881 368 Θεοφράστου
904 313 986 369 περὶ
1012 316 1138 368 φυτῶν
1163 313 1327 369 ἱστορίας
1348 314 1393 354 τὸ
1411 329 1453 366 η.
1476 313 1689 368 Ἕρμιππος
1717 307 1758 352 δὲ
1786 313 1868 368 περὶ

224 384 459 438 φρυγανικῶν
479 381 544 420 καὶ
563 375 749 422 ποιωδῶν.
767 376 995 437 Ἀνδρόνικος
1015 376 1055 421 δὲ
1074 381 1156 437 περὶ
1176 384 1303 437 φυτῶν
1324 381 1502 437 ἱστορίας.
1528 382 1589 422 Ex
1606 381 1758 423 eodem
1775 382 1865 423 sine

223 450 351 491 dubio
382 451 513 505 petita
539 454 637 491 sunt
663 450 778 491 fonte
803 462 897 504 quae
926 450 1123 504 leguntur
1154 450 1198 490 in
1229 449 1314 491 fine
1346 450 1572 504 fragmenti
1598 453 1675 489 τῶν
1703 449 1801 504 μετὰ
1820 449 1870 488 τὰ

223 516 362 574 φυσικὰ
381 518 654 572 Theophrasti
679 531 720 572 p.
742 518 821 559 3⁶23
842 518 1013 559 Brandis
1033 532 1042 559 :
1066 521 1178 558 τοῦτο
1204 517 1249 558 τὸ
1284 516 1434 573 βιβλίον
1460 512 1689 574 Ἀνδρόνικος
1713 516 1782 573 μὲν
1802 516 1866 556 καὶ

218 585 430 641 Ἕρμιππος
449 589 658 641 ἀγνοοῦσιν·
688 581 771 627 οὐδὲ
793 587 867 642 γὰρ
888 585 1018 641 μνείαν
1038 588 1152 626 αὐτοῦ
1177 585 1278 632 ὅλως
1298 586 1520 638 πεποίηνται
1540 588 1579 626 ἐν
1599 590 1650 640 τῇ
1670 588 1867 640 ἀναγραφῇ

219 658 296 695 τῶν
317 654 554 711 Θεοφράστου
578 653 749 710 βιβλίων.

273 731 345 771 Sin
361 731 504 771 minus
531 731 663 784 ipsius
690 731 907 784 Hermippi
929 730 1074 781 verba,
1100 734 1287 774 attamen
1308 732 1480 772 titulum
1507 743 1637 785 quem
1659 730 1860 784 peculiari

217 799 325 852 parti
355 800 493 852 operis
525 799 590 840 sui
614 799 666 840 de
688 798 1034 852 philosophorum
1061 800 1157 840 vitis
1188 799 1442 852 praefixerat,
1476 800 1519 840 in
1546 799 1685 840 indice
1712 799 1864 840 hercu-

217 865 378 907 lanensi
396 866 734 908 academicorum
751 866 1120 921 philosophorum,
1141 879 1276 921 nuper
1291 867 1400 908 eruit
1422 866 1723 918 Buechelerus,
1744 866 1864 907 cuius

217 934 327 975 felici
349 935 544 975 acumine
571 947 669 975 cum
694 935 738 974 in
764 935 845 975 hoc
874 935 964 987 ipso
993 934 1084 975 loco
1111 939 1205 975 tum
1231 936 1273 975 in
1302 935 1447 976 multis
1472 935 1562 975 aliis
1583 947 1650 975 res
1672 935 1725 974 ad
1751 946 1863 974 sum-

216 1015 333 1044 mam
363 1002 697 1056 probabilitatem
730 1003 907 1044 adducta
938 1003 1068 1044 videri
1101 1007 1252 1056 potest.
1289 1004 1350 1044 Ita
1382 1004 1509 1057 igitur
1534 1003 1602 1044 ille
1635 1002 1777 1044 locum
1810 1002 1862 1042 de

219 1083 303 1126 quo
325 1071 461 1124 agitur
482 1070 689 1125 supplevit
711 1070 790 1112 col.
810 1071 886 1122 XI,
912 1083 953 1125 p.
978 1070 1004 1111 8
1026 1085 1034 1111 ε

1202 1193 1304 1242 (ἐπει-

847 1246 952 1300 δήπερ
970 1251 1096 1299 οὖζτὴν)
1111 1250 1284 1286 πολιτείαν
1300 1253 1357 1287 ἑσ-

847 1305 882 1342 τὶ
896 1306 1096 1357 παραθετέον
1116 1305 1287 1357 οἱκα(ίρ)ως

847 1359 928 1412 οἷο)ν
946 1363 1136 1413 Ἕρμιππος
1148 1365 1181 1400 ἐν
1196 1364 1285 1412 τζοῖς
1302 1363 1357 1410 βί-

846 1433 895 1462 οις
911 1421 991 1469 τῶν)
1010 1419 1078 1456 ἀπὸ
1093 1420 1303 1471 φιλοσοφία(ς
1318 1420 1361 1463 εἰς

850 1471 1057 1527 τυραννίδ)ας
1074 1476 1132 1512 καὶ
1148 1472 1304 1526 δυναστε(ι
1308 1477 1338 1513 ί-

846 1546 884 1575 οις
902 1532 1180 1583 μεθεσ)τηκότων.

211 1682 317 1723 Cum
349 1680 421 1723 tali
448 1681 528 1722 hoc
557 1680 678 1721 titulo
710 1680 809 1721 satis
840 1685 935 1734 apte
967 1685 1203 1734 congruunt
1234 1693 1329 1735 quae
1362 1685 1502 1723 narrat
1539 1694 1590 1722 ex
1623 1681 1853 1734 Hermippo

210 1751 387 1804 scriptor
408 1750 505 1790 vitae
535 1750 743 1802 Euripidis
769 1750 811 1789 in
836 1749 1050 1804 Βιογράφοις
1072 1750 1389 1790 Westermanni
1410 1763 1451 1803 p.
1482 1750 1580 1800 138,
1608 1750 1854 1802 Dionysium

209 1818 418 1860 seniorem
445 1819 798 1871 Syracusanorum
820 1821 1066 1869 tyrannum,
1099 1821 1194 1870 post
1223 1817 1388 1858 obitum
1420 1818 1648 1870 Euripidis,
1680 1817 1732 1858 ab
1761 1817 1852 1857 eius

208 1887 433 1928 heredibus
464 1885 620 1926 talento
653 1885 894 1938 psalterium
927 1889 1062 1938 poetae
1094 1890 1137 1925 et
1161 1885 1384 1939 pugillares
1413 1886 1643 1939 stilumque
1673 1886 1849 1936 emisse,

209 1968 307 1996 cum
330 1967 413 2008 qua
429 1955 664 1994 narratione
681 1953 829 1993 similis
850 1953 960 2006 apud
983 1954 1214 1993 Lucianu'm
1232 1954 1431 1994 adversus
1448 1955 1638 1994 indoctos
1660 1967 1696 1994 c.
1728 1955 1777 1994 15
1799 1955 1851 1994 de

207 2023 400 2075 Aeschyli
429 2022 699 2075 pugillaribus
731 2022 783 2062 ab
814 2022 965 2062 eodem
996 2022 1190 2074 Dionysio
1220 2023 1374 2075 emptis
1400 2022 1579 2062 conferri
1612 2026 1763 2075 potest.
1797 2023 1852 2062 Ut

210 2091 323 2133 enim
356 2090 483 2132 nimis
515 2089 736 2132 ambitiose
773 2090 883 2131 dicta
914 2090 997 2131 sint
1034 2089 1228 2142 fortasse,
1268 2102 1362 2144 quae
1400 2089 1655 2132 lamblichus
1693 2090 1735 2131 in
1766 2091 1852 2133 vita

209 2160 381 2212 Pythag.
408 2172 444 2198 c.
466 2160 513 2198 31
540 2160 559 2208 β,
589 2158 662 2197 189
686 2158 831 2207 tradit,
858 2158 1103 2211 Dionysium
1126 2158 1231 2197 nihil
1253 2159 1517 2211 inexpertum
1540 2158 1779 2211 reliquisse,
1805 2165 1851 2199 ut

210 2228 567 2280 Pythagoreorum
593 2226 820 2266 amicitiam
843 2226 923 2266 sibi
945 2226 1203 2277 conciliaret,
1230 2230 1317 2267 tam
1339 2239 1450 2280 saepe
1472 2227 1562 2267 eius
1584 2240 1741 2268 nomen
1763 2228 1851 2269 sive

210 2296 253 2337 in
282 2295 391 2336 veris
420 2295 507 2335 sive
529 2295 571 2334 in
598 2293 706 2334 fictis
737 2293 1042 2334 narrationibus
1074 2307 1173 2335 cum
1199 2295 1397 2348 Aristippi
1424 2295 1641 2335 Aeschinis
1668 2295 1851 2337 Platonis

211 2363 473 2415 aliorumque
491 2362 837 2415 philosophorum
855 2362 1126 2402 coniunctum
1144 2366 1373 2415 comparet,
1397 2367 1445 2402 ut
1461 2362 1580 2402 facile
1596 2362 1853 2416 intelligatur
