<?xml version="1.0" encoding="UTF-8"?>
<!DOCTYPE html PUBLIC "-//W3C//DTD XHTML 1.0 Transitional//EN"
    "http://www.w3.org/TR/xhtml1/DTD/xhtml1-transitional.dtd">
<html xmlns="http://www.w3.org/1999/xhtml" xml:lang="en" lang="en">
 <head>
  <title>
</title>
<meta http-equiv="Content-Type" content="text/html;charset=utf-8" />
  <meta name='ocr-system' content='tesseract 3.04.00' />
  <meta name='ocr-capabilities' content='ocr_page ocr_carea ocr_par ocr_line ocrx_word'/>
</head>
<body>
  <div class='ocr_page' id='page_1' title='image "./4629192_0015.png"; bbox 0 0 2101 3036; ppageno 0'>
   <div class='ocr_carea' id='block_1_1' title="bbox 235 156 1924 356">
    <p class='ocr_par' dir='ltr' id='par_1_1' title="bbox 235 156 1924 356">
     <span class='ocr_line' id='line_1_1' title="bbox 966 156 1143 192; baseline 0 -9"><span class='ocrx_word' id='word_1_1' title='bbox 966 175 1019 183; x_wconf 87' lang='lat'><strong>..</strong></span> <span class='ocrx_word' id='word_1_2' title='bbox 1043 156 1069 192; x_wconf 89' lang='lat'>9</span> <span class='ocrx_word' id='word_1_3' title='bbox 1092 173 1143 183; x_wconf 85' lang='grc'><strong>..-</strong></span> 
     </span>
     <span class='ocr_line' id='line_1_2' title="bbox 236 231 1924 286; baseline 0.001 -12"><span class='ocrx_word' id='word_1_4' title='bbox 236 232 355 284; x_wconf 88' lang='lat' dir='ltr'><strong>serit,</strong></span> <span class='ocrx_word' id='word_1_5' title='bbox 381 233 550 274; x_wconf 88' lang='lat' dir='ltr'><strong>easdem</strong></span> <span class='ocrx_word' id='word_1_6' title='bbox 565 232 657 274; x_wconf 87' lang='lat' dir='ltr'><strong>illas</strong></span> <span class='ocrx_word' id='word_1_7' title='bbox 673 245 720 274; x_wconf 86' lang='lat' dir='ltr'><strong>ac</strong></span> <span class='ocrx_word' id='word_1_8' title='bbox 734 233 984 286; x_wconf 83' lang='lat' dir='ltr'><strong>Hesperidas</strong></span> <span class='ocrx_word' id='word_1_9' title='bbox 996 232 1295 284; x_wconf 85' lang='lat' dir='ltr'><strong>iudicantibus,</strong></span> <span class='ocrx_word' id='word_1_10' title='bbox 1320 236 1428 273; x_wconf 87' lang='lat' dir='ltr'><strong>teste</strong></span> <span class='ocrx_word' id='word_1_11' title='bbox 1443 231 1707 283; x_wconf 87' lang='lat' dir='ltr'><strong>Philodemo,</strong></span> <span class='ocrx_word' id='word_1_12' title='bbox 1727 234 1870 274; x_wconf 84' lang='lat' dir='ltr'><strong>statim</strong></span> <span class='ocrx_word' id='word_1_13' title='bbox 1921 273 1924 275; x_wconf 88' lang='lat'><strong>.</strong></span> 
     </span>
     <span class='ocr_line' id='line_1_3' title="bbox 235 300 720 356; baseline -0.002 -14"><span class='ocrx_word' id='word_1_14' title='bbox 235 300 278 342; x_wconf 92' lang='lat' dir='ltr'><strong>in</strong></span> <span class='ocrx_word' id='word_1_15' title='bbox 300 300 573 356; x_wconf 87' lang='lat' dir='ltr'><strong>sequentihus</strong></span> <span class='ocrx_word' id='word_1_16' title='bbox 592 300 621 342; x_wconf 93' lang='lat' dir='ltr'><strong>l.</strong></span> <span class='ocrx_word' id='word_1_17' title='bbox 643 300 720 342; x_wconf 73' lang='lat'><strong>24:</strong></span> 
     </span>
    </p>
   </div>
   <div class='ocr_carea' id='block_1_2' title="bbox 861 381 1312 716">
    <p class='ocr_par' dir='ltr' id='par_1_2' title="bbox 861 381 1312 595">
     <span class='ocr_line' id='line_1_4' title="bbox 862 381 1238 433; baseline 0.003 -15"><span class='ocrx_word' id='word_1_18' title='bbox 862 381 920 418; x_wconf 80' lang='grc' dir='ltr'><strong>καὶ</strong></span> <span class='ocrx_word' id='word_1_19' title='bbox 933 382 995 425; x_wconf 83' lang='grc' dir='ltr'><strong>τὰς</strong></span> <span class='ocrx_word' id='word_1_20' title='bbox 1018 382 1174 433; x_wconf 71' lang='grc' dir='ltr'><strong>Ἄρτι-υἷας</strong></span> <span class='ocrx_word' id='word_1_21' title='bbox 1191 382 1238 419; x_wconf 80' lang='grc' dir='ltr'><strong>τὰ</strong></span> 
     </span>
     <span class='ocr_line' id='line_1_5' title="bbox 861 439 1177 490; baseline 0 -15"><span class='ocrx_word' id='word_1_22' title='bbox 861 439 970 490; x_wconf 54' lang='grc' dir='ltr'><strong>μῆρα</strong></span> <span class='ocrx_word' id='word_1_23' title='bbox 984 440 1177 490; x_wconf 78' lang='grc' dir='ltr'>φυ)λοὶττειν</span> 
     </span>
     <span class='ocr_line' id='line_1_6' title="bbox 869 494 1312 546; baseline -0.002 -15"><span class='ocrx_word' id='word_1_24' title='bbox 869 495 1132 545; x_wconf 59' lang='lat' dir='ltr'><strong>’Ausona-mom,</strong></span> <span class='ocrx_word' id='word_1_25' title='bbox 1157 494 1312 546; x_wconf 78' lang='grc' dir='ltr'>Ἐπιμεν-</span> 
     </span>
     <span class='ocr_line' id='line_1_7' title="bbox 863 547 1186 595; baseline 0 -6"><span class='ocrx_word' id='word_1_26' title='bbox 863 547 936 595; x_wconf 77' lang='grc' dir='ltr'>ίδης</span> <span class='ocrx_word' id='word_1_27' title='bbox 950 547 973 589; x_wconf 79' lang='grc' dir='ltr'><em>δ</em></span> <span class='ocrx_word' id='word_1_28' title='bbox 975 552 989 589; x_wconf 88' lang='grc' dir='ltr'><strong>ὲ</strong></span> <span class='ocrx_word' id='word_1_29' title='bbox 1008 551 1067 589; x_wconf 76' lang='grc' dir='ltr'><strong>καὶ</strong></span> <span class='ocrx_word' id='word_1_30' title='bbox 1081 556 1186 589; x_wconf 81' lang='grc' dir='ltr'>τοῦτο</span> 
     </span>
    </p>

    <p class='ocr_par' dir='ltr' id='par_1_3' title="bbox 861 605 1218 716">
     <span class='ocr_line' id='line_1_8' title="bbox 861 605 1218 649; baseline -0.003 -6"><span class='ocrx_word' id='word_1_31' title='bbox 861 609 920 643; x_wconf 83' lang='grc' dir='ltr'><strong>καὶ</strong></span> <span class='ocrx_word' id='word_1_32' title='bbox 935 609 997 649; x_wconf 79' lang='grc' dir='ltr'><strong>τὰς</strong></span> <span class='ocrx_word' id='word_1_33' title='bbox 1014 609 1119 649; x_wconf 76' lang='grc' dir='ltr'><strong>αὐτὰς</strong></span> <span class='ocrx_word' id='word_1_34' title='bbox 1137 605 1218 643; x_wconf 76' lang='grc' dir='ltr'>εἶναι</span> 
     </span>
     <span class='ocr_line' id='line_1_9' title="bbox 861 663 1163 716; baseline -0.003 -15"><span class='ocrx_word' id='word_1_35' title='bbox 861 668 938 708; x_wconf 81' lang='grc' dir='ltr'>ταῖς</span> <span class='ocrx_word' id='word_1_36' title='bbox 960 663 1163 716; x_wconf 83' lang='grc' dir='ltr'>Ἑσπερίσιν;</span> 
     </span>
    </p>
   </div>
   <div class='ocr_carea' id='block_1_3' title="bbox 193 767 1874 1230">
    <p class='ocr_par' dir='ltr' id='par_1_4' title="bbox 193 767 1874 1230">
     <span class='ocr_line' id='line_1_10' title="bbox 230 767 1871 823; baseline 0 -13"><span class='ocrx_word' id='word_1_37' title='bbox 230 769 382 823; x_wconf 89' lang='lat' dir='ltr'><strong>quibus</strong></span> <span class='ocrx_word' id='word_1_38' title='bbox 399 769 535 810; x_wconf 88' lang='lat' dir='ltr'><strong>verbis</strong></span> <span class='ocrx_word' id='word_1_39' title='bbox 551 768 653 809; x_wconf 89' lang='lat' dir='ltr'><strong>illud</strong></span> <span class='ocrx_word' id='word_1_40' title='bbox 674 768 873 810; x_wconf 87' lang='lat' dir='ltr'><strong>adiecisse</strong></span> <span class='ocrx_word' id='word_1_41' title='bbox 888 767 1066 809; x_wconf 86' lang='lat' dir='ltr'><strong>sufficiat</strong></span> <span class='ocrx_word' id='word_1_42' title='bbox 1087 781 1157 809; x_wconf 88' lang='lat' dir='ltr'><strong>me</strong></span> <span class='ocrx_word' id='word_1_43' title='bbox 1174 781 1273 810; x_wconf 88' lang='lat' dir='ltr'><strong>cum</strong></span> <span class='ocrx_word' id='word_1_44' title='bbox 1295 769 1587 822; x_wconf 84' lang='lat' dir='ltr'><strong>ignarussimis</strong></span> <span class='ocrx_word' id='word_1_45' title='bbox 1609 769 1732 819; x_wconf 89' lang='lat' dir='ltr'><strong>scire,</strong></span> <span class='ocrx_word' id='word_1_46' title='bbox 1757 769 1871 810; x_wconf 86' lang='lat' dir='ltr'><strong>unde</strong></span> 
     </span>
     <span class='ocr_line' id='line_1_11' title="bbox 231 835 1867 891; baseline 0.001 -15"><span class='ocrx_word' id='word_1_47' title='bbox 231 848 305 877; x_wconf 90' lang='lat' dir='ltr'><strong>sua</strong></span> <span class='ocrx_word' id='word_1_48' title='bbox 326 848 375 877; x_wconf 88' lang='lat' dir='ltr'><strong>ex</strong></span> <span class='ocrx_word' id='word_1_49' title='bbox 396 836 586 877; x_wconf 87' lang='lat' dir='ltr'><strong>Acusilao</strong></span> <span class='ocrx_word' id='word_1_50' title='bbox 613 836 666 877; x_wconf 88' lang='lat' dir='ltr'><strong>de</strong></span> <span class='ocrx_word' id='word_1_51' title='bbox 687 836 948 890; x_wconf 84' lang='lat' dir='ltr'><strong>Harpyarum</strong></span> <span class='ocrx_word' id='word_1_52' title='bbox 970 836 1128 890; x_wconf 84' lang='lat' dir='ltr'>origine</span> <span class='ocrx_word' id='word_1_53' title='bbox 1155 835 1308 877; x_wconf 85' lang='lat' dir='ltr'><strong>habeat</strong></span> <span class='ocrx_word' id='word_1_54' title='bbox 1335 835 1492 877; x_wconf 87' lang='lat' dir='ltr'><strong>Natalis</strong></span> <span class='ocrx_word' id='word_1_55' title='bbox 1518 836 1668 877; x_wconf 90' lang='lat' dir='ltr'><strong>Comes</strong></span> <span class='ocrx_word' id='word_1_56' title='bbox 1692 836 1867 891; x_wconf 80' lang='lat' dir='ltr'><strong>Mythol.</strong></span> 
     </span>
     <span class='ocr_line' id='line_1_12' title="bbox 230 904 1865 959; baseline 0.001 -15"><span class='ocrx_word' id='word_1_57' title='bbox 230 918 271 958; x_wconf 92' lang='lat' dir='ltr'><strong>p.</strong></span> <span class='ocrx_word' id='word_1_58' title='bbox 303 904 382 945; x_wconf 85' lang='lat'>478</span> <span class='ocrx_word' id='word_1_59' title='bbox 407 906 472 945; x_wconf 91' lang='lat' dir='ltr'><strong>ed.</strong></span> <span class='ocrx_word' id='word_1_60' title='bbox 501 909 638 945; x_wconf 88' lang='lat' dir='ltr'><strong>venet.</strong></span> <span class='ocrx_word' id='word_1_61' title='bbox 667 905 933 945; x_wconf 90' lang='lat' dir='ltr'>MDLXXXI:</span> <span class='ocrx_word' id='word_1_62' title='bbox 960 904 1212 945; x_wconf 72' lang='lat' dir='ltr'><strong>Acusilaus</strong></span> <span class='ocrx_word' id='word_1_63' title='bbox 1242 905 1446 958; x_wconf 66' lang='lat' dir='ltr'><strong>Neptuni</strong></span> <span class='ocrx_word' id='word_1_64' title='bbox 1477 917 1531 945; x_wconf 79' lang='lat' dir='ltr'><strong>ao</strong></span> <span class='ocrx_word' id='word_1_65' title='bbox 1560 906 1709 945; x_wconf 79' lang='lat' dir='ltr'><strong>Terroe</strong></span> <span class='ocrx_word' id='word_1_66' title='bbox 1734 904 1865 959; x_wconf 74' lang='lat' dir='ltr'><strong>filias</strong></span> 
     </span>
     <span class='ocr_line' id='line_1_13' title="bbox 229 972 1872 1026; baseline -0.001 -13"><span class='ocrx_word' id='word_1_67' title='bbox 229 973 382 1026; x_wconf 71' lang='lat' dir='ltr'><strong>fuisse</strong></span> <span class='ocrx_word' id='word_1_68' title='bbox 403 972 615 1013; x_wconf 64' lang='lat' dir='ltr'><strong>credidit.</strong></span> <span class='ocrx_word' id='word_1_69' title='bbox 635 973 741 1013; x_wconf 89' lang='lat' dir='ltr'><strong>Cum</strong></span> <span class='ocrx_word' id='word_1_70' title='bbox 757 973 1015 1026; x_wconf 89' lang='lat' dir='ltr'><strong>Epimenidis</strong></span> <span class='ocrx_word' id='word_1_71' title='bbox 1032 973 1205 1013; x_wconf 90' lang='lat' dir='ltr'><strong>nomine</strong></span> <span class='ocrx_word' id='word_1_72' title='bbox 1221 973 1377 1013; x_wconf 85' lang='lat' dir='ltr'><strong>iterum</strong></span> <span class='ocrx_word' id='word_1_73' title='bbox 1399 972 1579 1012; x_wconf 85' lang='lat' dir='ltr'><strong>Acusilai</strong></span> <span class='ocrx_word' id='word_1_74' title='bbox 1597 973 1872 1013; x_wconf 89' lang='lat' dir='ltr'><strong>coniunctum</strong></span> 
     </span>
     <span class='ocr_line' id='line_1_14' title="bbox 231 1034 1874 1095; baseline 0 -14"><span class='ocrx_word' id='word_1_75' title='bbox 231 1044 400 1094; x_wconf 86' lang='lat' dir='ltr'><strong>apparet</strong></span> <span class='ocrx_word' id='word_1_76' title='bbox 431 1040 541 1095; x_wconf 91' lang='lat' dir='ltr'><strong>apud</strong></span> <span class='ocrx_word' id='word_1_77' title='bbox 569 1040 862 1082; x_wconf 90' lang='lat' dir='ltr'><strong>Philodemum</strong></span> <span class='ocrx_word' id='word_1_78' title='bbox 894 1054 935 1095; x_wconf 91' lang='lat' dir='ltr'><strong>p.</strong></span> <span class='ocrx_word' id='word_1_79' title='bbox 967 1040 1041 1092; x_wconf 87' lang='lat'><strong>46,</strong></span> <span class='ocrx_word' id='word_1_80' title='bbox 1067 1040 1144 1082; x_wconf 88' lang='lat' dir='ltr'><strong>col.</strong></span> <span class='ocrx_word' id='word_1_81' title='bbox 1180 1038 1264 1082; x_wconf 79' lang='lat'><strong>61¹².</strong></span> <span class='ocrx_word' id='word_1_82' title='bbox 1298 1040 1433 1081; x_wconf 90' lang='lat' dir='ltr'><strong>Locus</strong></span> <span class='ocrx_word' id='word_1_83' title='bbox 1462 1043 1605 1081; x_wconf 88' lang='lat' dir='ltr'><strong>autem</strong></span> <span class='ocrx_word' id='word_1_84' title='bbox 1637 1034 1874 1082; x_wconf 85' lang='lat' dir='ltr'><strong>lacunosior</strong></span> 
     </span>
     <span class='ocr_line' id='line_1_15' title="bbox 233 1108 1874 1162; baseline 0.001 -14"><span class='ocrx_word' id='word_1_85' title='bbox 233 1112 316 1158; x_wconf 84' lang='lat' dir='ltr'><strong>est,</strong></span> <span class='ocrx_word' id='word_1_86' title='bbox 345 1121 472 1162; x_wconf 91' lang='lat' dir='ltr'><strong>quam</strong></span> <span class='ocrx_word' id='word_1_87' title='bbox 494 1113 559 1159; x_wconf 89' lang='lat' dir='ltr'><strong>ut,</strong></span> <span class='ocrx_word' id='word_1_88' title='bbox 589 1113 740 1162; x_wconf 86' lang='lat' dir='ltr'><strong>praeter</strong></span> <span class='ocrx_word' id='word_1_89' title='bbox 765 1109 856 1149; x_wconf 86' lang='lat' dir='ltr'><strong>haec</strong></span> <span class='ocrx_word' id='word_1_90' title='bbox 878 1110 968 1162; x_wconf 87' lang='lat' dir='ltr'><strong>ipsa</strong></span> <span class='ocrx_word' id='word_1_91' title='bbox 987 1110 1180 1158; x_wconf 90' lang='lat' dir='ltr'><strong>nomina,</strong></span> <span class='ocrx_word' id='word_1_92' title='bbox 1212 1108 1367 1162; x_wconf 88' lang='lat' dir='ltr'><strong>aliquid</strong></span> <span class='ocrx_word' id='word_1_93' title='bbox 1394 1109 1497 1148; x_wconf 88' lang='lat' dir='ltr'><strong>certi</strong></span> <span class='ocrx_word' id='word_1_94' title='bbox 1519 1121 1569 1149; x_wconf 86' lang='lat' dir='ltr'><strong>ex</strong></span> <span class='ocrx_word' id='word_1_95' title='bbox 1592 1120 1643 1149; x_wconf 95' lang='lat' dir='ltr'><strong>eo</strong></span> <span class='ocrx_word' id='word_1_96' title='bbox 1669 1109 1874 1162; x_wconf 82' lang='lat' dir='ltr'><strong>expiscari</strong></span> 
     </span>
     <span class='ocr_line' id='line_1_16' title="bbox 193 1173 1542 1230; baseline -0.001 -13"><span class='ocrx_word' id='word_1_97' title='bbox 193 1173 195 1175; x_wconf 71' lang='grc'><strong>’</strong></span> <span class='ocrx_word' id='word_1_98' title='bbox 232 1188 452 1230; x_wconf 85' lang='lat' dir='ltr'><strong>queamus.</strong></span> <span class='ocrx_word' id='word_1_99' title='bbox 479 1177 565 1218; x_wconf 88' lang='lat' dir='ltr'><strong>Nec</strong></span> <span class='ocrx_word' id='word_1_100' title='bbox 585 1176 718 1217; x_wconf 92' lang='lat' dir='ltr'><strong>multo</strong></span> <span class='ocrx_word' id='word_1_101' title='bbox 740 1176 881 1217; x_wconf 91' lang='lat' dir='ltr'><strong>utilior</strong></span> <span class='ocrx_word' id='word_1_102' title='bbox 901 1180 964 1217; x_wconf 89' lang='lat' dir='ltr'><strong>est</strong></span> <span class='ocrx_word' id='word_1_103' title='bbox 985 1177 1057 1230; x_wconf 91' lang='lat' dir='ltr'><strong>qui</strong></span> <span class='ocrx_word' id='word_1_104' title='bbox 1074 1180 1208 1217; x_wconf 86' lang='lat' dir='ltr'><strong>exstat</strong></span> <span class='ocrx_word' id='word_1_105' title='bbox 1223 1176 1252 1217; x_wconf 89' lang='lat' dir='ltr'><strong>l.</strong></span> <span class='ocrx_word' id='word_1_106' title='bbox 1276 1176 1304 1216; x_wconf 95' lang='grc'><strong>1.</strong></span> <span class='ocrx_word' id='word_1_107' title='bbox 1325 1188 1367 1230; x_wconf 87' lang='lat' dir='ltr'><strong>p.</strong></span> <span class='ocrx_word' id='word_1_108' title='bbox 1394 1176 1464 1228; x_wconf 87' lang='lat'><strong>15,</strong></span> <span class='ocrx_word' id='word_1_109' title='bbox 1491 1176 1515 1216; x_wconf 88' lang='lat'>9</span> <span class='ocrx_word' id='word_1_110' title='bbox 1533 1191 1542 1216; x_wconf 88' lang='lat'>:</span> 
     </span>
    </p>
   </div>
   <div class='ocr_carea' id='block_1_4' title="bbox 862 1284 1254 1393">
    <p class='ocr_par' dir='ltr' id='par_1_5' title="bbox 862 1284 1254 1393">
     <span class='ocr_line' id='line_1_17' title="bbox 863 1284 1254 1335; baseline -0.003 -14"><span class='ocrx_word' id='word_1_111' title='bbox 863 1285 922 1322; x_wconf 78' lang='grc' dir='ltr'><strong>καὶ</strong></span> <span class='ocrx_word' id='word_1_112' title='bbox 946 1284 1178 1335; x_wconf 75' lang='grc' dir='ltr'>’Λκουσίλ(αος</span> <span class='ocrx_word' id='word_1_113' title='bbox 1193 1290 1254 1321; x_wconf 82' lang='grc' dir='ltr'><strong>Τι-</strong></span> 
     </span>
     <span class='ocr_line' id='line_1_18' title="bbox 862 1343 1131 1393; baseline -0.004 -14"><span class='ocrx_word' id='word_1_114' title='bbox 862 1343 971 1379; x_wconf 67' lang='grc' dir='ltr'>θωνὸν</span> <span class='ocrx_word' id='word_1_115' title='bbox 989 1343 1047 1393; x_wconf 83' lang='grc' dir='ltr'><strong>μὲν</strong></span> <span class='ocrx_word' id='word_1_116' title='bbox 1059 1371 1066 1378; x_wconf 91' lang='grc'><strong>.</strong></span> <span class='ocrx_word' id='word_1_117' title='bbox 1080 1371 1088 1378; x_wconf 91' lang='grc'><strong><em>.</em></strong></span> <span class='ocrx_word' id='word_1_118' title='bbox 1102 1371 1110 1378; x_wconf 92' lang='grc'><strong>.</strong></span> <span class='ocrx_word' id='word_1_119' title='bbox 1123 1371 1131 1378; x_wconf 91' lang='grc'><strong>.</strong></span> 
     </span>
    </p>
   </div>
   <div class='ocr_carea' id='block_1_5' title="bbox 229 1448 1874 1559">
    <p class='ocr_par' dir='ltr' id='par_1_6' title="bbox 229 1448 1874 1559">
     <span class='ocr_line' id='line_1_19' title="bbox 230 1448 1874 1502; baseline -0.001 -12"><span class='ocrx_word' id='word_1_120' title='bbox 230 1449 302 1490; x_wconf 89' lang='lat' dir='ltr'><strong>ubi</strong></span> <span class='ocrx_word' id='word_1_121' title='bbox 318 1449 466 1491; x_wconf 87' lang='lat' dir='ltr'><strong>saltem</strong></span> <span class='ocrx_word' id='word_1_122' title='bbox 483 1460 652 1490; x_wconf 84' lang='lat' dir='ltr'><strong>causam</strong></span> <span class='ocrx_word' id='word_1_123' title='bbox 664 1448 883 1499; x_wconf 83' lang='lat' dir='ltr'><strong>discimus,</strong></span> <span class='ocrx_word' id='word_1_124' title='bbox 909 1452 1078 1502; x_wconf 88' lang='lat' dir='ltr'><strong>propter</strong></span> <span class='ocrx_word' id='word_1_125' title='bbox 1097 1460 1225 1502; x_wconf 88' lang='lat' dir='ltr'><strong>quam</strong></span> <span class='ocrx_word' id='word_1_126' title='bbox 1243 1448 1422 1489; x_wconf 87' lang='lat' dir='ltr'><strong>Acusilai</strong></span> <span class='ocrx_word' id='word_1_127' title='bbox 1440 1449 1702 1490; x_wconf 84' lang='lat' dir='ltr'><strong>mentionem</strong></span> <span class='ocrx_word' id='word_1_128' title='bbox 1718 1448 1874 1490; x_wconf 76' lang='lat' dir='ltr'><strong>fecerat</strong></span> 
     </span>
     <span class='ocr_line' id='line_1_20' title="bbox 229 1517 517 1559; baseline 0.003 -1"><span class='ocrx_word' id='word_1_129' title='bbox 229 1517 517 1559; x_wconf 88' lang='lat' dir='ltr'><strong>Philodemus.</strong></span> 
     </span>
    </p>
   </div>
   <div class='ocr_carea' id='block_1_6' title="bbox 224 1625 1872 2298">
    <p class='ocr_par' dir='ltr' id='par_1_7' title="bbox 224 1625 1872 2226">
     <span class='ocr_line' id='line_1_21' title="bbox 282 1625 1872 1680; baseline 0.002 -14"><span class='ocrx_word' id='word_1_130' title='bbox 282 1626 344 1667; x_wconf 89' lang='lat' dir='ltr'><strong>Ab</strong></span> <span class='ocrx_word' id='word_1_131' title='bbox 364 1626 554 1668; x_wconf 84' lang='lat' dir='ltr'><strong>Acusilao</strong></span> <span class='ocrx_word' id='word_1_132' title='bbox 575 1625 706 1666; x_wconf 86' lang='lat' dir='ltr'><strong>facilis</strong></span> <span class='ocrx_word' id='word_1_133' title='bbox 728 1630 791 1666; x_wconf 91' lang='lat' dir='ltr'><strong>est</strong></span> <span class='ocrx_word' id='word_1_134' title='bbox 810 1625 999 1666; x_wconf 87' lang='lat' dir='ltr'><strong>transitio</strong></span> <span class='ocrx_word' id='word_1_135' title='bbox 1022 1626 1074 1667; x_wconf 90' lang='lat' dir='ltr'><strong>ad</strong></span> <span class='ocrx_word' id='word_1_136' title='bbox 1094 1626 1365 1666; x_wconf 76' lang='lat' dir='ltr'>HELLANICUM</span> <span class='ocrx_word' id='word_1_137' title='bbox 1388 1626 1594 1677; x_wconf 76' lang='lat' dir='ltr'><strong>LEsmUM,</strong></span> <span class='ocrx_word' id='word_1_138' title='bbox 1619 1627 1777 1680; x_wconf 85' lang='lat' dir='ltr'><strong>quippe</strong></span> <span class='ocrx_word' id='word_1_139' title='bbox 1798 1628 1872 1680; x_wconf 85' lang='lat' dir='ltr'><strong>qui</strong></span> 
     </span>
     <span class='ocr_line' id='line_1_22' title="bbox 226 1692 1871 1747; baseline 0.002 -14"><span class='ocrx_word' id='word_1_140' title='bbox 226 1706 311 1734; x_wconf 94' lang='lat' dir='ltr'><strong>non</strong></span> <span class='ocrx_word' id='word_1_141' title='bbox 328 1694 470 1734; x_wconf 89' lang='lat' dir='ltr'><strong>minus</strong></span> <span class='ocrx_word' id='word_1_142' title='bbox 486 1694 528 1733; x_wconf 93' lang='lat' dir='ltr'><strong>in</strong></span> <span class='ocrx_word' id='word_1_143' title='bbox 546 1694 785 1734; x_wconf 83' lang='lat' dir='ltr'><strong>enarrandis</strong></span> <span class='ocrx_word' id='word_1_144' title='bbox 800 1693 927 1734; x_wconf 87' lang='lat' dir='ltr'><strong>rebus</strong></span> <span class='ocrx_word' id='word_1_145' title='bbox 942 1692 1140 1734; x_wconf 87' lang='lat' dir='ltr'><strong>fabulosis</strong></span> <span class='ocrx_word' id='word_1_146' title='bbox 1156 1693 1429 1747; x_wconf 87' lang='lat' dir='ltr'><strong>potissimum</strong></span> <span class='ocrx_word' id='word_1_147' title='bbox 1442 1698 1632 1734; x_wconf 89' lang='lat' dir='ltr'><strong>versatus</strong></span> <span class='ocrx_word' id='word_1_148' title='bbox 1650 1694 1718 1734; x_wconf 89' lang='lat' dir='ltr'><strong>sit.</strong></span> <span class='ocrx_word' id='word_1_149' title='bbox 1735 1695 1871 1736; x_wconf 85' lang='lat' dir='ltr'><strong>Huius</strong></span> 
     </span>
     <span class='ocr_line' id='line_1_23' title="bbox 227 1757 1872 1815; baseline 0.001 -13"><span class='ocrx_word' id='word_1_150' title='bbox 227 1761 469 1815; x_wconf 83' lang='lat' dir='ltr'><strong>fragmentis</strong></span> <span class='ocrx_word' id='word_1_151' title='bbox 500 1761 741 1802; x_wconf 89' lang='lat' dir='ltr'><strong>addendum</strong></span> <span class='ocrx_word' id='word_1_152' title='bbox 767 1761 846 1802; x_wconf 91' lang='lat' dir='ltr'><strong>erit</strong></span> <span class='ocrx_word' id='word_1_153' title='bbox 872 1762 986 1815; x_wconf 85' lang='lat' dir='ltr'><strong>quod</strong></span> <span class='ocrx_word' id='word_1_154' title='bbox 1016 1760 1168 1815; x_wconf 85' lang='lat' dir='ltr'><strong>legitur</strong></span> <span class='ocrx_word' id='word_1_155' title='bbox 1199 1761 1243 1802; x_wconf 90' lang='lat' dir='ltr'><strong>in</strong></span> <span class='ocrx_word' id='word_1_156' title='bbox 1268 1761 1561 1815; x_wconf 87' lang='lat' dir='ltr'><strong>Epimerismis</strong></span> <span class='ocrx_word' id='word_1_157' title='bbox 1590 1757 1819 1803; x_wconf 85' lang='lat' dir='ltr'><strong>homericis</strong></span> <span class='ocrx_word' id='word_1_158' title='bbox 1847 1774 1872 1803; x_wconf 91' lang='lat' dir='ltr'><strong>a</strong></span> 
     </span>
     <span class='ocr_line' id='line_1_24' title="bbox 225 1825 1870 1884; baseline -0.001 -13"><span class='ocrx_word' id='word_1_159' title='bbox 225 1829 420 1871; x_wconf 89' lang='lat' dir='ltr'><strong>Cramero</strong></span> <span class='ocrx_word' id='word_1_160' title='bbox 441 1830 485 1870; x_wconf 92' lang='lat' dir='ltr'><strong>in</strong></span> <span class='ocrx_word' id='word_1_161' title='bbox 509 1829 732 1871; x_wconf 88' lang='lat' dir='ltr'><strong>Anecdotis</strong></span> <span class='ocrx_word' id='word_1_162' title='bbox 758 1829 1053 1871; x_wconf 85' lang='lat' dir='ltr'><strong>oxoniensibus</strong></span> <span class='ocrx_word' id='word_1_163' title='bbox 1081 1829 1204 1871; x_wconf 89' lang='lat' dir='ltr'><strong>editis</strong></span> <span class='ocrx_word' id='word_1_164' title='bbox 1228 1833 1260 1870; x_wconf 87' lang='lat' dir='ltr'><strong>t.</strong></span> <span class='ocrx_word' id='word_1_165' title='bbox 1292 1830 1329 1881; x_wconf 89' lang='grc' dir='ltr'><strong>Ι,</strong></span> <span class='ocrx_word' id='word_1_166' title='bbox 1358 1842 1399 1884; x_wconf 94' lang='lat' dir='ltr'><strong>p.</strong></span> <span class='ocrx_word' id='word_1_167' title='bbox 1436 1830 1544 1871; x_wconf 86' lang='lat'>344:</span> <span class='ocrx_word' id='word_1_168' title='bbox 1581 1828 1808 1877; x_wconf 79' lang='grc' dir='ltr'>Ἑλλάνικος</span> <span class='ocrx_word' id='word_1_169' title='bbox 1830 1825 1870 1870; x_wconf 83' lang='grc' dir='ltr'><strong>δὲ</strong></span> 
     </span>
     <span class='ocr_line' id='line_1_25' title="bbox 224 1896 1869 1954; baseline 0 -15"><span class='ocrx_word' id='word_1_170' title='bbox 224 1899 289 1939; x_wconf 77' lang='grc' dir='ltr'><strong>καὶ</strong></span> <span class='ocrx_word' id='word_1_171' title='bbox 311 1898 454 1939; x_wconf 86' lang='grc' dir='ltr'>Πελίαν</span> <span class='ocrx_word' id='word_1_172' title='bbox 475 1897 665 1953; x_wconf 84' lang='grc' dir='ltr'>ὠνόμαζεν</span> <span class='ocrx_word' id='word_1_173' title='bbox 685 1898 798 1939; x_wconf 82' lang='grc' dir='ltr'>αὐτὸν</span> <span class='ocrx_word' id='word_1_174' title='bbox 821 1898 995 1952; x_wconf 87' lang='lat' dir='ltr'><strong>(scilicet</strong></span> <span class='ocrx_word' id='word_1_175' title='bbox 1013 1898 1079 1938; x_wconf 82' lang='grc' dir='ltr'><strong>τὸν</strong></span> <span class='ocrx_word' id='word_1_176' title='bbox 1107 1896 1371 1954; x_wconf 71' lang='grc' dir='ltr'>ἱπποφορβόν),</span> <span class='ocrx_word' id='word_1_177' title='bbox 1400 1897 1479 1938; x_wconf 84' lang='grc' dir='ltr'>ἐπεὶ</span> <span class='ocrx_word' id='word_1_178' title='bbox 1506 1897 1695 1951; x_wconf 86' lang='grc' dir='ltr'>ἐπελιώθη</span> <span class='ocrx_word' id='word_1_179' title='bbox 1717 1901 1822 1949; x_wconf 85' lang='grc' dir='ltr'><strong>αὐτῷ</strong></span> <span class='ocrx_word' id='word_1_180' title='bbox 1841 1901 1869 1951; x_wconf 86' lang='grc' dir='ltr'>ἡ</span> 
     </span>
     <span class='ocr_line' id='line_1_26' title="bbox 225 1960 1869 2023; baseline 0 -16"><span class='ocrx_word' id='word_1_181' title='bbox 225 1967 307 2023; x_wconf 81' lang='grc' dir='ltr'>ὄψις</span> <span class='ocrx_word' id='word_1_182' title='bbox 337 1966 577 2007; x_wconf 80' lang='grc' dir='ltr'>λακτισθέντι</span> <span class='ocrx_word' id='word_1_183' title='bbox 604 1967 674 2006; x_wconf 88' lang='grc' dir='ltr'><strong>ὑπὸ</strong></span> <span class='ocrx_word' id='word_1_184' title='bbox 698 1971 766 2007; x_wconf 79' lang='grc' dir='ltr'><strong>τοῦ</strong></span> <span class='ocrx_word' id='word_1_185' title='bbox 795 1966 926 2015; x_wconf 82' lang='grc' dir='ltr'>ἵππου,</span> <span class='ocrx_word' id='word_1_186' title='bbox 960 1980 1089 2022; x_wconf 89' lang='lat' dir='ltr'><strong>quam</strong></span> <span class='ocrx_word' id='word_1_187' title='bbox 1121 1967 1318 2008; x_wconf 87' lang='lat' dir='ltr'><strong>eamdem</strong></span> <span class='ocrx_word' id='word_1_188' title='bbox 1347 1968 1533 2007; x_wconf 90' lang='lat' dir='ltr'><strong>nominis</strong></span> <span class='ocrx_word' id='word_1_189' title='bbox 1566 1960 1869 2021; x_wconf 84' lang='lat' dir='ltr'><strong>etymologiam</strong></span> 
     </span>
     <span class='ocr_line' id='line_1_27' title="bbox 224 2035 1866 2089; baseline -0.001 -12"><span class='ocrx_word' id='word_1_190' title='bbox 224 2036 410 2078; x_wconf 84' lang='lat' dir='ltr'><strong>referunt</strong></span> <span class='ocrx_word' id='word_1_191' title='bbox 436 2035 710 2089; x_wconf 86' lang='lat' dir='ltr'><strong>Apollodorus</strong></span> <span class='ocrx_word' id='word_1_192' title='bbox 732 2036 769 2086; x_wconf 91' lang='grc' dir='ltr'><strong>Ι,</strong></span> <span class='ocrx_word' id='word_1_193' title='bbox 795 2035 839 2086; x_wconf 88' lang='lat'><strong>9,</strong></span> <span class='ocrx_word' id='word_1_194' title='bbox 864 2035 890 2076; x_wconf 91' lang='lat'>8</span> <span class='ocrx_word' id='word_1_195' title='bbox 917 2039 960 2077; x_wconf 87' lang='lat' dir='ltr'><strong>et</strong></span> <span class='ocrx_word' id='word_1_196' title='bbox 980 2036 1223 2076; x_wconf 86' lang='lat' dir='ltr'><strong>Eustathius</strong></span> <span class='ocrx_word' id='word_1_197' title='bbox 1244 2035 1296 2076; x_wconf 90' lang='lat' dir='ltr'><strong>ad</strong></span> <span class='ocrx_word' id='word_1_198' title='bbox 1319 2035 1548 2088; x_wconf 85' lang='lat' dir='ltr'><strong>Odysseam</strong></span> <span class='ocrx_word' id='word_1_199' title='bbox 1569 2047 1612 2088; x_wconf 88' lang='lat' dir='ltr'><strong>p.</strong></span> <span class='ocrx_word' id='word_1_200' title='bbox 1644 2035 1771 2085; x_wconf 87' lang='grc'>1681,</span> <span class='ocrx_word' id='word_1_201' title='bbox 1798 2035 1866 2075; x_wconf 87' lang='lat'><strong>54.</strong></span> 
     </span>
     <span class='ocr_line' id='line_1_28' title="bbox 225 2096 1866 2157; baseline -0.001 -12"><span class='ocrx_word' id='word_1_202' title='bbox 225 2105 333 2145; x_wconf 90' lang='lat' dir='ltr'><strong>Rem</strong></span> <span class='ocrx_word' id='word_1_203' title='bbox 354 2105 445 2145; x_wconf 88' lang='lat' dir='ltr'><strong>sine</strong></span> <span class='ocrx_word' id='word_1_204' title='bbox 459 2103 587 2145; x_wconf 88' lang='lat' dir='ltr'><strong>dubio</strong></span> <span class='ocrx_word' id='word_1_205' title='bbox 603 2104 647 2144; x_wconf 87' lang='lat' dir='ltr'><strong>in</strong></span> <span class='ocrx_word' id='word_1_206' title='bbox 658 2102 904 2149; x_wconf 80' lang='grc' dir='ltr'>Θετταλικοῖς</span> <span class='ocrx_word' id='word_1_207' title='bbox 925 2096 1163 2144; x_wconf 63' lang='grc' dir='ltr'><strong>[ιεηεινεεῑαῑ</strong></span> <span class='ocrx_word' id='word_1_208' title='bbox 1180 2102 1417 2144; x_wconf 82' lang='lat' dir='ltr'><strong>Hellanicus</strong></span> <span class='ocrx_word' id='word_1_209' title='bbox 1431 2103 1554 2155; x_wconf 87' lang='lat' dir='ltr'><strong>(Hist.</strong></span> <span class='ocrx_word' id='word_1_210' title='bbox 1574 2114 1699 2156; x_wconf 86' lang='lat' dir='ltr'><strong>graec.</strong></span> <span class='ocrx_word' id='word_1_211' title='bbox 1715 2102 1866 2157; x_wconf 73' lang='lat' dir='ltr'><strong>fragm.</strong></span> 
     </span>
     <span class='ocr_line' id='line_1_29' title="bbox 225 2171 494 2226; baseline -0.007 -12"><span class='ocrx_word' id='word_1_212' title='bbox 225 2175 257 2214; x_wconf 90' lang='lat' dir='ltr'><strong>t.</strong></span> <span class='ocrx_word' id='word_1_213' title='bbox 283 2173 320 2223; x_wconf 92' lang='lat' dir='ltr'><strong>I,</strong></span> <span class='ocrx_word' id='word_1_214' title='bbox 344 2185 386 2226; x_wconf 92' lang='lat' dir='ltr'><strong>p.</strong></span> <span class='ocrx_word' id='word_1_215' title='bbox 406 2171 494 2225; x_wconf 88' lang='lat'><strong>49).</strong></span> 
     </span>
    </p>

    <p class='ocr_par' dir='ltr' id='par_1_8' title="bbox 281 2239 703 2298">
     <span class='ocr_line' id='line_1_30' title="bbox 281 2239 703 2298; baseline -0.005 -16"><span class='ocrx_word' id='word_1_216' title='bbox 281 2242 461 2282; x_wconf 88' lang='lat' dir='ltr'><strong>Versum</strong></span> <span class='ocrx_word' id='word_1_217' title='bbox 484 2239 664 2281; x_wconf 75' lang='lat' dir='ltr'><strong>oraculi:</strong></span> <span class='ocrx_word' id='word_1_218' title='bbox 697 2294 703 2298; x_wconf 93' lang='lat'><strong>.</strong></span> 
     </span>
    </p>
   </div>
   <div class='ocr_carea' id='block_1_7' title="bbox 605 2344 1486 2400">
    <p class='ocr_par' dir='ltr' id='par_1_9' title="bbox 605 2344 1486 2400">
     <span class='ocr_line' id='line_1_31' title="bbox 605 2344 1486 2400; baseline 0 -15"><span class='ocrx_word' id='word_1_219' title='bbox 605 2349 728 2385; x_wconf 80' lang='grc' dir='ltr'>πολλοὶ</span> <span class='ocrx_word' id='word_1_220' title='bbox 742 2349 925 2400; x_wconf 81' lang='grc' dir='ltr'>θριόβολοι,</span> <span class='ocrx_word' id='word_1_221' title='bbox 945 2353 1065 2400; x_wconf 83' lang='grc' dir='ltr'>παῦροι</span> <span class='ocrx_word' id='word_1_222' title='bbox 1083 2344 1123 2385; x_wconf 78' lang='grc' dir='ltr'><strong>δέ</strong></span> <span class='ocrx_word' id='word_1_223' title='bbox 1140 2362 1178 2385; x_wconf 78' lang='grc' dir='ltr'><strong>τε</strong></span> <span class='ocrx_word' id='word_1_224' title='bbox 1198 2348 1330 2400; x_wconf 75' lang='grc' dir='ltr'>μάντιες</span> <span class='ocrx_word' id='word_1_225' title='bbox 1349 2344 1463 2400; x_wconf 79' lang='grc' dir='ltr'>ἄνδρες</span> <span class='ocrx_word' id='word_1_226' title='bbox 1475 2376 1486 2396; x_wconf 82' lang='grc'>,</span> 
     </span>
    </p>
   </div>
  </div>
 </body>
</html>
