2101 3036
381 361 714 425 PRIMARIO
756 361 1117 426 THEOLOGO
1159 361 1245 425 ΕΤ
1286 358 1718 423 PHILOSOPHO

275 539 758 582 HUMANITATE
819 537 1186 581 DOCTRINA
1246 536 1476 579 ANNIS
1535 535 1837 579 MAXIMO

671 693 803 743 lOAN
807 693 842 743 N
849 693 864 742 l
899 692 1196 743 FRIDERICO
1229 692 1415 744 BRUGH

991 845 1030 884 S.
1058 844 1100 884 P.

283 1360 493 1401 Miraberis
515 1361 687 1400 fortasse
718 1365 756 1400 et
784 1360 872 1399 iure
894 1360 1058 1399 mireris
1085 1358 1200 1408 licet,
1227 1360 1288 1398 vir
1314 1360 1580 1411 venerabilis,
1606 1362 1706 1414 quid
1733 1363 1860 1414 mihi,

226 1429 386 1470 homini
416 1428 597 1482 profanis
626 1427 755 1469 literis
786 1427 968 1478 addicto,
998 1440 1133 1468 causae
1166 1440 1256 1468 esse
1283 1428 1485 1481 potuerit,
1515 1434 1582 1480 ut,
1613 1429 1693 1471 hoc
1720 1436 1863 1473 sancto

225 1499 412 1550 festoque
441 1498 528 1546 die,
561 1502 602 1537 te
629 1496 805 1536 salutare
831 1497 1049 1546 auderem,
1079 1496 1172 1546 tibi,
1199 1508 1317 1536 more
1350 1497 1393 1537 in
1420 1498 1496 1537 hac
1526 1502 1667 1539 nostra
1690 1500 1862 1552 quidem

224 1567 326 1607 urbe
369 1567 508 1606 minus
544 1565 716 1614 usnam,
763 1578 916 1605 munus
964 1559 1250 1605 academicum
1284 1572 1379 1606 ante
1416 1566 1505 1606 haec
1549 1567 1696 1608 decem
1733 1568 1864 1609 lustra

223 1634 394 1675 feliciter
436 1638 675 1685 susceptum
711 1633 1006 1686 gratulaturus.
1053 1633 1271 1674 Excusatio
1309 1646 1407 1675 vero
1443 1635 1627 1676 audaciae
1668 1636 1762 1677 talis
1799 1642 1863 1678 est

222 1703 389 1756 qualem
431 1706 472 1741 te
515 1701 631 1741 facile
675 1702 948 1754 probaturum
980 1701 1159 1742 confido.
1203 1703 1336 1750 Quam
1372 1704 1487 1743 enim
1524 1710 1637 1745 arcta
1675 1706 1784 1746 inter
1819 1719 1863 1747 se

221 1770 526 1812 necessitudine
551 1782 761 1811 sacrarum
784 1774 824 1810 et
847 1770 1113 1823 antiquarum
1142 1769 1356 1811 literarum
1387 1771 1523 1812 studia
1545 1773 1859 1827 contineantur,

221 1841 314 1895 quis
346 1845 385 1880 te
414 1839 565 1880 melius
596 1838 855 1892 exploratum
886 1844 927 1879 et
958 1843 1224 1892 perspectum
1250 1839 1441 1891 haberet,
1467 1841 1560 1894 qui,
1588 1854 1681 1895 quae
1704 1847 1775 1884 tua
1797 1849 1861 1885 est

220 1909 478 1959 humanitas,
512 1921 585 1962 pro
612 1908 719 1948 virili
751 1914 822 1948 tua
851 1913 984 1961 parte,
1020 1921 1187 1961 semper
1212 1908 1312 1949 illud
1350 1909 1545 1961 effecisti,
1580 1916 1626 1951 ut
1648 1912 1859 1954 vinculum

220 1990 303 2032 quo
335 1981 545 2031 utraeque,
585 1977 670 2017 iam
701 1977 797 2018 inde
834 1989 857 2017 a
894 1988 1107 2017 sacrorum
1142 1976 1437 2018 reformatione
1475 1978 1711 2022 coniunctae
1737 1986 1857 2033 sunt,

222 2048 425 2087 intactum
447 2046 708 2099 illaesumque
734 2048 996 2086 remaneret?
1025 2047 1236 2094 Quantum
1262 2046 1388 2098 igitur
1411 2046 1453 2086 in
1481 2059 1551 2087 me
1580 2052 1685 2099 erat,
1713 2054 1753 2089 et
1775 2063 1860 2091 non

221 2115 312 2169 plus
340 2128 431 2156 esse
463 2115 759 2155 molestissime
786 2114 892 2164 fero,
923 2114 1188 2154 committere
1217 2113 1354 2164 nolui,
1386 2120 1433 2155 ut
1466 2127 1560 2168 quae
1588 2120 1660 2157 tua
1688 2122 1787 2158 sunt
1818 2118 1862 2159 in

221 2185 298 2224 hac
327 2185 454 2224 etiam
485 2196 529 2224 re
563 2195 653 2223 rara
685 2187 726 2223 et
756 2182 963 2236 praeclara
1001 2183 1151 2223 merita
1182 2182 1389 2223 oblivione
1427 2183 1644 2225 silentiove
1677 2188 1865 2239 praeteri-

221 2257 379 2293 rentur.
408 2253 464 2293 De
493 2252 641 2293 ceteris
668 2256 810 2293 autem
837 2253 918 2292 tuis
945 2251 1138 2307 laudibus
1164 2264 1214 2292 eo
1239 2251 1450 2293 lubentius
1478 2266 1591 2294 nunc
1613 2260 1752 2306 taceo,
1779 2269 1864 2310 quo

221 2321 360 2375 plures
387 2321 511 2363 hodie
537 2325 578 2362 et
600 2333 670 2363 me
691 2320 812 2375 longe
834 2320 1140 2375 praestantiores
1162 2332 1307 2362 earum
1333 2321 1533 2364 exsistent
1556 2335 1784 2377 praecones.
