2101 3036
956 190 1007 197 -
1035 169 1082 206 14
1108 190 1159 198 -.

234 256 310 284 cur
325 244 379 285 ab
401 244 631 299 Hermippo
653 244 819 285 silentio
846 256 932 285 non
959 245 1292 299 praetermissum
1314 245 1382 285 sit.
1407 245 1542 293 Quare
1567 256 1653 285 non
1680 243 1879 297 amplius,

235 316 284 353 ut
306 325 330 353 a
351 313 395 353 C.
426 312 624 353 Muellero
649 312 809 353 factum
831 317 896 353 est
919 313 1044 365 (Hist.
1069 327 1131 366 gr.
1158 313 1266 353 fr.‘t.
1294 314 1349 353 111
1379 326 1421 366 p.
1447 314 1519 364 52,
1545 313 1596 353 fr.
1625 313 1677 353 73
1693 311 1743 365 Ι’),
1768 311 1884 353 dubi-

235 379 414 422 tandum
443 380 539 431 erit,
569 379 636 421 cui
660 379 893 434 Hermippo
915 379 984 421 ille
1009 379 1126 421 locus
1152 380 1354 435 assignari
1383 380 1547 422 debeat.
1582 379 1713 422 Multo
1740 382 1883 421 autem

235 449 380 489 minus
402 449 530 489 etiam
552 448 683 500 probo
709 448 822 501 quod
844 448 979 498 idem,
1009 447 1177 488 Prelleri
1204 448 1436 488 rationibus
1462 449 1681 499 seductus,
1712 447 1885 487 titulum

233 515 317 571 περὶ
349 510 495 571 Μάγων
526 516 578 557 ab
609 515 691 557 hoc
722 519 865 557 nostro
896 516 1127 570 Hermippo
1160 516 1370 557 abiudicat
1400 516 1444 569 (l.
1479 516 1508 557 l.
1534 530 1575 570 p.
1603 516 1689 575 53),
1727 516 1883 570 quippe

239 585 344 640 quin
372 585 512 640 potius
533 596 639 639 opus
663 596 789 625 suum
809 596 833 625 a
853 584 983 639 Magis
999 584 1221 639 inceperit,
1243 584 1286 625 in
1302 584 1382 626 hoc
1403 596 1573 639 quoque
1595 584 1886 639 peripatetico-

238 665 336 692 rum
353 653 705 692 consuetudinem
727 653 929 692 retinens.

293 788 428 828 Simili
450 788 578 828 modo
595 800 679 842 quo
702 788 977 841 Hermippus,
1003 787 1060 826 ita
1087 787 1286 826 Potamon
1314 799 1482 841 quoque
1512 787 1682 826 ILIENSIS
1708 786 1884 840 singulis

238 856 354 897 libris
372 857 500 897 totius
512 857 650 909 operis
666 856 731 897 sui
749 855 978 908 peculiares
992 855 1137 896 titulos
1153 855 1354 896 indidisse
1371 855 1607 896 censendus
1623 859 1701 897 est.
1718 855 1887 896 Etenim

236 936 330 979 quae
353 924 442 965 eius
464 923 688 965 laudantur
713 926 854 969 κτισεῖς
887 922 1095 963 variarum
1124 922 1294 963 urbium
1327 934 1425 963 cum
1449 922 1559 976 apud
1589 922 1761 963 Suidam
1792 925 1885 963 tum

235 992 347 1043 apud
368 991 644 1031 Scholiastem
678 991 883 1043 Apollonii
911 990 1063 1030 Rhodii
1093 990 1160 1039 IV,
1187 990 1286 1039 324,
1314 990 1417 1042 quin
1450 990 1502 1029 ad
1528 1002 1664 1030 unum
1686 991 1886 1043 idemque

235 1070 342 1111 opus
357 1059 638 1111 pertinuerint
649 1058 839 1111 κοσμικὴν
855 1057 1077 1111 περιήγησιν
1094 1057 1364 1110 inscriptum,
1386 1057 1484 1097 licet
1501 1070 1596 1097 eam
1613 1070 1637 1097 a
1652 1058 1801 1098 ceteris
1814 1059 1885 1098 Po-

234 1124 415 1167 lemonis
438 1126 602 1179 scriptis
618 1125 857 1166 distinxisse
880 1124 1069 1165 videatur
1087 1124 1254 1176 Suidas,
1280 1136 1407 1166 nemo
1424 1124 1544 1166 facile
1560 1125 1769 1166 dubitabit
1790 1129 1884 1179 post

234 1205 284 1234 ea
304 1206 399 1246 quae
426 1194 479 1234 de
500 1194 578 1234 hac
600 1206 644 1233 re
672 1194 898 1246 disputavit
931 1193 1150 1233 Prellerus.
1185 1194 1246 1234 Ad
1267 1194 1376 1234 hanc
1397 1194 1524 1246 igitur
1543 1193 1762 1234 referenda
1785 1197 1883 1234 sunt

231 1274 326 1316 quae
344 1275 367 1303 e
395 1262 537 1303 codice
559 1261 782 1303 florentino
806 1261 1081 1315 Etymologici
1104 1262 1246 1315 magni
1271 1262 1488 1316 exscripsit
1508 1261 1555 1303 E.
1581 1261 1765 1303 Millerus
1790 1262 1818 1324 l
1848 1261 1876 1303 l.

232 1342 274 1384 p.
301 1331 407 1371 213:
439 1329 629 1375 Μελιταῖα
654 1325 811 1368 κυνίδια·
836 1329 1015 1385 λέγονται
1042 1331 1074 1368 οἱ
1100 1329 1269 1384 (λέγεται
1296 1329 1352 1368 ὅτι
1381 1330 1489 1370 coni.
1520 1331 1686 1382 Miller.)
1714 1330 1880 1382 πλησίον

238 1397 403 1443 Ἰταλίας
425 1398 540 1448 νῆσός
566 1401 647 1437 ἐστι
669 1397 840 1448 Μελίτη,
866 1396 905 1443 ἐξ
924 1397 972 1448 ἧς
992 1400 1061 1437 εἰσι
1085 1397 1275 1437 Μελιταῖα
1297 1392 1457 1437 κυνίδια.
1485 1397 1676 1452 Πολέμων
1698 1394 1738 1438 δὲ
1754 1398 1880 1439 ἔκτισε

237 1459 328 1518 (δ’ἐν
340 1464 486 1505 κτίσεσι
503 1466 612 1506 coni.
633 1465 800 1518 Miller.)
815 1463 987 1504 Σικελίαν
1003 1464 1173 1517 Μελίτης
1188 1463 1377 1518 (Σικελίας
1395 1463 1568 1517 Μελίτην
1585 1466 1693 1506 coni.
1712 1466 1878 1519 Miller.)

235 1548 348 1587 φησιν
365 1532 470 1572 εἶναι.
496 1535 538 1573 Si
560 1547 658 1573 vera
679 1539 741 1573 est
764 1534 910 1572 Milleri
933 1534 1173 1573 coniectura
1194 1546 1267 1584 pro
1287 1533 1460 1571 Σικελίαν
1487 1533 1660 1583 Μελίτης
1674 1565 1683 1579 ‚
1708 1533 1882 1579 Σικελίας

235 1600 406 1654 Μελίτην
434 1600 674 1652 scribentis,
708 1600 908 1642 nonnulla
930 1600 973 1641 in
1000 1600 1084 1641 fine
1116 1599 1318 1641 excidisse
1342 1600 1550 1641 censenda
1570 1604 1690 1652 sunt,
1715 1600 1883 1642 Meliten

236 1669 352 1708 enim
375 1669 523 1709 Siciliae
542 1669 702 1708 nullam
721 1669 931 1707 novimus.
947 1669 1072 1708 Totus
1089 1680 1187 1707 vero
1204 1668 1320 1707 locus
1335 1668 1454 1708 aliter
1468 1668 1642 1708 fortasse
1660 1669 1796 1708 sanari
1818 1669 1885 1708 de-

236 1736 326 1788 bet,
352 1737 587 1790 praesertim
611 1749 709 1777 cum
732 1748 786 1776 ne
803 1737 912 1790 apud
931 1736 1203 1776 Scholiastem
1222 1735 1426 1789 Apollonii
1444 1736 1597 1777 Rhodii
1619 1737 1686 1787 IV,
1703 1737 1782 1777 324
1800 1737 1886 1791 qui-

236 1805 351 1855 dem,
372 1810 488 1846 extra
509 1817 683 1846 omnem
705 1805 1012 1845 dubitationem
1029 1805 1214 1857 positum
1233 1804 1443 1855 videatur,
1469 1805 1582 1858 quod
1599 1805 1642 1846 C.
1663 1805 1886 1847 Muellerus

236 1873 352 1913 dedit
372 1873 495 1926 (Hist.
514 1885 638 1926 graec.
654 1872 803 1926 fragm.
823 1876 854 1912 t.
873 1872 943 1922 ΙΙΙ,
962 1885 1002 1926 p.
1027 1872 1120 1925 126)
1135 1874 1173 1910 ἐν
1185 1871 1352 1911 κτίσεσιν
1370 1872 1445 1925 (ita
1456 1872 1549 1912 cod.
1571 1873 1698 1914 Paris.
1714 1875 1753 1912 ἐν
1764 1872 1887 1913 κτίσει

235 1942 375 1995 vulgo)
405 1941 603 1981 Ἰταλικῶν
624 1941 687 1979 καὶ
710 1940 935 1987 Σικελικῶν,
966 1941 1038 1981 ubi
1070 1941 1255 1981 inultum
1285 1941 1439 1981 arridet
1468 1942 1710 1982 coniectura
1730 1955 1882 1995 quain,

236 2010 394 2050 collatis
420 2010 470 2050 iis
492 2022 586 2062 quae
612 2010 722 2061 apud
746 2009 1003 2049 Macrobiuxn
1030 2009 1227 2061 leguntur
1247 2009 1453 2049 Saturnal.
1479 2010 1528 2059 V,
1559 2009 1607 2049 19
1628 2009 1697 2062 (cf.
1724 2010 1882 2051 Polem.

235 2076 284 2116 fr.
307 2076 394 2129 83),
420 2076 637 2130 proposuit
654 2075 946 2128 Bernhardyus
969 2075 1019 2115 ad
1038 2075 1209 2115 Suidam
1224 2089 1262 2115 v.
1280 2074 1490 2129 Πολέμων,
1510 2077 1549 2114 ἐν
1563 2074 1684 2115 κτίσει
1702 2075 1885 2115 Παλικῶν

233 2148 309 2183 τῶν
331 2144 554 2193 Σικελικῶν,
587 2145 665 2184 etsi
688 2144 830 2183 minus
862 2144 970 2183 bene
996 2144 1270 2196 perspiciatur
1291 2144 1507 2197 quomodo
1535 2156 1634 2183 cum
1666 2144 1737 2183 tali
1762 2144 1883 2185 titulo

234 2225 299 2253 res
323 2213 375 2253 de
401 2223 485 2266 qua
505 2216 721 2252 narratum
747 2214 810 2251 est
832 2211 943 2263 apud
969 2211 1244 2251 Scholiastem
1271 2210 1478 2264 Apollonii
1508 2211 1705 2264 componi
1733 2212 1879 2265 possit.

233 2281 337 2321 Vide
354 2281 481 2334 igitur
501 2292 555 2320 ne
577 2279 680 2319 illud
701 2278 847 2329 ἔκτισε,
875 2279 987 2331 quod
1004 2280 1047 2318 in
1069 2281 1108 2317 ἐν
1129 2278 1275 2318 κτίσεσι
1289 2283 1427 2319 mutat
1447 2278 1647 2330 Millerus,
1674 2292 1697 2320 e
1713 2280 1883 2320 numeri

233 2350 486 2389 indicatione
516 2352 657 2388 ortum
696 2348 768 2397 sit,
806 2359 960 2400 nempe
997 2347 1249 2397 stadiorum,
1284 2347 1458 2400 quibus,
1501 2348 1734 2388 secundum
1766 2347 1884 2388 Pole-
