<?xml version="1.0" encoding="UTF-8"?>
<!DOCTYPE html PUBLIC "-//W3C//DTD XHTML 1.0 Transitional//EN"
    "http://www.w3.org/TR/xhtml1/DTD/xhtml1-transitional.dtd">
<html xmlns="http://www.w3.org/1999/xhtml" xml:lang="en" lang="en">
 <head>
  <title>
</title>
<meta http-equiv="Content-Type" content="text/html;charset=utf-8" />
  <meta name='ocr-system' content='tesseract 3.04.00' />
  <meta name='ocr-capabilities' content='ocr_page ocr_carea ocr_par ocr_line ocrx_word'/>
</head>
<body>
  <div class='ocr_page' id='page_1' title='image "./4629192_0016.png"; bbox 0 0 2101 3036; ppageno 0'>
   <div class='ocr_carea' id='block_1_1' title="bbox 942 187 1144 223">
    <p class='ocr_par' dir='ltr' id='par_1_1' title="bbox 942 187 1144 223">
     <span class='ocr_line' id='line_1_1' title="bbox 942 187 1144 223; baseline 0.005 -10"><span class='ocrx_word' id='word_1_1' title='bbox 942 187 1144 223; x_wconf 72' lang='lat'>-10-</span> 
     </span>
    </p>
   </div>
   <div class='ocr_carea' id='block_1_2' title="bbox 219 261 1870 589">
    <p class='ocr_par' dir='ltr' id='par_1_2' title="bbox 219 261 1870 589">
     <span class='ocr_line' id='line_1_2' title="bbox 219 261 1866 316; baseline -0.001 -14"><span class='ocrx_word' id='word_1_2' title='bbox 219 261 272 302; x_wconf 91' lang='lat' dir='ltr'><strong>de</strong></span> <span class='ocrx_word' id='word_1_3' title='bbox 293 274 379 315; x_wconf 89' lang='lat' dir='ltr'><strong>quo</strong></span> <span class='ocrx_word' id='word_1_4' title='bbox 400 261 486 315; x_wconf 86' lang='lat' dir='ltr'><strong>egit</strong></span> <span class='ocrx_word' id='word_1_5' title='bbox 507 261 742 303; x_wconf 87' lang='lat' dir='ltr'><strong>Lobeckius</strong></span> <span class='ocrx_word' id='word_1_6' title='bbox 763 262 806 302; x_wconf 92' lang='lat' dir='ltr'><strong>in</strong></span> <span class='ocrx_word' id='word_1_7' title='bbox 830 261 1116 316; x_wconf 86' lang='lat' dir='ltr'><strong>Aglaophamo</strong></span> <span class='ocrx_word' id='word_1_8' title='bbox 1138 275 1179 315; x_wconf 91' lang='lat' dir='ltr'><strong>p.</strong></span> <span class='ocrx_word' id='word_1_9' title='bbox 1205 262 1306 313; x_wconf 86' lang='lat'><strong>814,</strong></span> <span class='ocrx_word' id='word_1_10' title='bbox 1331 273 1584 303; x_wconf 82' lang='lat' dir='ltr'>noveramus</span> <span class='ocrx_word' id='word_1_11' title='bbox 1610 273 1634 302; x_wconf 86' lang='lat' dir='ltr'><strong>e</strong></span> <span class='ocrx_word' id='word_1_12' title='bbox 1655 261 1866 315; x_wconf 81' lang='lat' dir='ltr'><strong>Stephano</strong></span> 
     </span>
     <span class='ocr_line' id='line_1_3' title="bbox 220 328 1862 384; baseline -0.001 -14"><span class='ocrx_word' id='word_1_13' title='bbox 220 331 418 382; x_wconf 81' lang='lat' dir='ltr'><strong>Byzantio</strong></span> <span class='ocrx_word' id='word_1_14' title='bbox 440 343 480 370; x_wconf 86' lang='lat' dir='ltr'><strong>v.</strong></span> <span class='ocrx_word' id='word_1_15' title='bbox 501 328 596 384; x_wconf 83' lang='grc' dir='ltr'>Θρία</span> <span class='ocrx_word' id='word_1_16' title='bbox 617 333 659 370; x_wconf 91' lang='lat' dir='ltr'><strong>et</strong></span> <span class='ocrx_word' id='word_1_17' title='bbox 679 329 859 370; x_wconf 89' lang='lat' dir='ltr'><strong>Zenobio</strong></span> <span class='ocrx_word' id='word_1_18' title='bbox 880 330 936 379; x_wconf 87' lang='lat' dir='ltr'><strong>V,</strong></span> <span class='ocrx_word' id='word_1_19' title='bbox 962 330 1030 370; x_wconf 82' lang='lat'><strong>75.</strong></span> <span class='ocrx_word' id='word_1_20' title='bbox 1050 330 1207 370; x_wconf 90' lang='lat' dir='ltr'><strong>Eorum</strong></span> <span class='ocrx_word' id='word_1_21' title='bbox 1229 329 1390 370; x_wconf 89' lang='lat' dir='ltr'><strong>fontem</strong></span> <span class='ocrx_word' id='word_1_22' title='bbox 1411 329 1540 370; x_wconf 88' lang='lat' dir='ltr'><strong>fuisse</strong></span> <span class='ocrx_word' id='word_1_23' title='bbox 1551 340 1862 378; x_wconf 69' lang='lat' dir='ltr'><strong>PHILOGHOIfflM,</strong></span> 
     </span>
     <span class='ocr_line' id='line_1_4' title="bbox 219 395 1863 451; baseline -0.003 -12"><span class='ocrx_word' id='word_1_24' title='bbox 219 402 268 439; x_wconf 88' lang='lat' dir='ltr'><strong>ut</strong></span> <span class='ocrx_word' id='word_1_25' title='bbox 289 398 477 449; x_wconf 83' lang='lat' dir='ltr'><strong>videtur,</strong></span> <span class='ocrx_word' id='word_1_26' title='bbox 503 398 547 438; x_wconf 91' lang='lat' dir='ltr'><strong>in</strong></span> <span class='ocrx_word' id='word_1_27' title='bbox 579 397 696 438; x_wconf 88' lang='lat' dir='ltr'><strong>libris</strong></span> <span class='ocrx_word' id='word_1_28' title='bbox 714 395 797 451; x_wconf 84' lang='grc' dir='ltr'>περὶ</span> <span class='ocrx_word' id='word_1_29' title='bbox 827 395 1017 442; x_wconf 84' lang='grc' dir='ltr'>Μαντείας</span> <span class='ocrx_word' id='word_1_30' title='bbox 1045 397 1133 438; x_wconf 88' lang='lat' dir='ltr'><strong>sive</strong></span> <span class='ocrx_word' id='word_1_31' title='bbox 1159 396 1241 451; x_wconf 86' lang='grc' dir='ltr'>περὶ</span> <span class='ocrx_word' id='word_1_32' title='bbox 1269 400 1467 449; x_wconf 78' lang='grc' dir='ltr'>Μαντικῆς</span> <span class='ocrx_word' id='word_1_33' title='bbox 1497 396 1706 450; x_wconf 83' lang='lat' dir='ltr'><strong>inscriptis</strong></span> <span class='ocrx_word' id='word_1_34' title='bbox 1740 395 1863 449; x_wconf 86' lang='lat' dir='ltr'><strong>(Hist.</strong></span> 
     </span>
     <span class='ocr_line' id='line_1_5' title="bbox 220 465 1868 520; baseline -0.001 -14"><span class='ocrx_word' id='word_1_35' title='bbox 220 478 347 520; x_wconf 82' lang='lat' dir='ltr'><strong>graec.</strong></span> <span class='ocrx_word' id='word_1_36' title='bbox 372 465 523 519; x_wconf 81' lang='lat' dir='ltr'><strong>fragm.</strong></span> <span class='ocrx_word' id='word_1_37' title='bbox 548 469 579 505; x_wconf 93' lang='lat' dir='ltr'><strong>t.</strong></span> <span class='ocrx_word' id='word_1_38' title='bbox 612 465 649 516; x_wconf 89' lang='grc' dir='ltr'><strong>Ι,</strong></span> <span class='ocrx_word' id='word_1_39' title='bbox 674 478 716 519; x_wconf 89' lang='lat' dir='ltr'><strong>p.</strong></span> <span class='ocrx_word' id='word_1_40' title='bbox 742 465 823 505; x_wconf 85' lang='lat'><strong>415</strong></span> <span class='ocrx_word' id='word_1_41' title='bbox 845 465 917 518; x_wconf 87' lang='lat' dir='ltr'><strong>s.),</strong></span> <span class='ocrx_word' id='word_1_42' title='bbox 948 466 1104 506; x_wconf 90' lang='lat' dir='ltr'><strong>indicat</strong></span> <span class='ocrx_word' id='word_1_43' title='bbox 1136 466 1226 506; x_wconf 91' lang='lat' dir='ltr'><strong>eius</strong></span> <span class='ocrx_word' id='word_1_44' title='bbox 1252 478 1410 507; x_wconf 90' lang='lat' dir='ltr'><strong>nomen</strong></span> <span class='ocrx_word' id='word_1_45' title='bbox 1436 465 1604 506; x_wconf 90' lang='lat' dir='ltr'><strong>oraculo</strong></span> <span class='ocrx_word' id='word_1_46' title='bbox 1631 465 1868 519; x_wconf 87' lang='lat' dir='ltr'><strong>appositum</strong></span> 
     </span>
     <span class='ocr_line' id='line_1_6' title="bbox 225 532 1870 589; baseline -0.001 -14"><span class='ocrx_word' id='word_1_47' title='bbox 225 533 468 589; x_wconf 84' lang='grc' dir='ltr'><strong>(Φιλόχωρος</strong></span> <span class='ocrx_word' id='word_1_48' title='bbox 488 538 536 575; x_wconf 92' lang='lat' dir='ltr'><strong>ut</strong></span> <span class='ocrx_word' id='word_1_49' title='bbox 557 546 668 587; x_wconf 83' lang='lat' dir='ltr'><strong>saepe</strong></span> <span class='ocrx_word' id='word_1_50' title='bbox 690 546 765 588; x_wconf 89' lang='lat' dir='ltr'><strong>pro</strong></span> <span class='ocrx_word' id='word_1_51' title='bbox 791 532 1035 589; x_wconf 81' lang='grc' dir='ltr'>Φιλόχορος),</span> <span class='ocrx_word' id='word_1_52' title='bbox 1061 535 1105 575; x_wconf 92' lang='lat' dir='ltr'><strong>in</strong></span> <span class='ocrx_word' id='word_1_53' title='bbox 1132 533 1261 576; x_wconf 87' lang='lat' dir='ltr'><strong>altera</strong></span> <span class='ocrx_word' id='word_1_54' title='bbox 1283 534 1600 589; x_wconf 84' lang='lat' dir='ltr'><strong>proverbiorum</strong></span> <span class='ocrx_word' id='word_1_55' title='bbox 1627 533 1870 575; x_wconf 82' lang='lat' dir='ltr'><strong>collectione</strong></span> 
     </span>
    </p>
   </div>
   <div class='ocr_carea' id='block_1_3' title="bbox 225 602 1868 724">
    <p class='ocr_par' dir='ltr' id='par_1_3' title="bbox 225 602 1868 724">
     <span class='ocr_line' id='line_1_7' title="bbox 226 602 1868 657; baseline -0.001 -13"><span class='ocrx_word' id='word_1_56' title='bbox 226 615 358 657; x_wconf 90' lang='lat' dir='ltr'><strong>quam</strong></span> <span class='ocrx_word' id='word_1_57' title='bbox 379 615 515 657; x_wconf 89' lang='lat' dir='ltr'><strong>nuper</strong></span> <span class='ocrx_word' id='word_1_58' title='bbox 545 602 675 643; x_wconf 86' lang='lat' dir='ltr'><strong>edidit</strong></span> <span class='ocrx_word' id='word_1_59' title='bbox 706 603 753 643; x_wconf 88' lang='lat' dir='ltr'><strong>E.</strong></span> <span class='ocrx_word' id='word_1_60' title='bbox 785 602 990 654; x_wconf 88' lang='lat' dir='ltr'><strong>Millerus,</strong></span> <span class='ocrx_word' id='word_1_61' title='bbox 1017 602 1249 657; x_wconf 69' lang='lat' dir='ltr'><strong>Meilanqes</strong></span> <span class='ocrx_word' id='word_1_62' title='bbox 1275 602 1331 643; x_wconf 86' lang='lat' dir='ltr'><strong>de</strong></span> <span class='ocrx_word' id='word_1_63' title='bbox 1359 602 1626 643; x_wconf 61' lang='lat' dir='ltr'><strong>litterature</strong></span> <span class='ocrx_word' id='word_1_64' title='bbox 1650 614 1868 656; x_wconf 75' lang='lat' dir='ltr'><strong>qrecque,</strong></span> 
     </span>
     <span class='ocr_line' id='line_1_8' title="bbox 225 671 397 724; baseline 0 -13"><span class='ocrx_word' id='word_1_65' title='bbox 225 684 268 724; x_wconf 90' lang='lat' dir='ltr'><strong>p.</strong></span> <span class='ocrx_word' id='word_1_66' title='bbox 301 671 397 711; x_wconf 90' lang='lat'><strong>366.</strong></span> 
     </span>
    </p>
   </div>
   <div class='ocr_carea' id='block_1_4' title="bbox 226 798 1873 1534">
    <p class='ocr_par' dir='ltr' id='par_1_4' title="bbox 226 798 1873 1534">
     <span class='ocr_line' id='line_1_9' title="bbox 286 798 1873 851; baseline -0.001 -12"><span class='ocrx_word' id='word_1_67' title='bbox 286 802 332 839; x_wconf 90' lang='lat' dir='ltr'><strong>In</strong></span> <span class='ocrx_word' id='word_1_68' title='bbox 363 800 514 840; x_wconf 90' lang='lat' dir='ltr'><strong>eadem</strong></span> <span class='ocrx_word' id='word_1_69' title='bbox 546 811 645 839; x_wconf 89' lang='lat' dir='ltr'><strong>vero</strong></span> <span class='ocrx_word' id='word_1_70' title='bbox 670 799 748 838; x_wconf 88' lang='lat' dir='ltr'><strong>hac</strong></span> <span class='ocrx_word' id='word_1_71' title='bbox 780 799 1047 848; x_wconf 82' lang='lat' dir='ltr'><strong>collectione,</strong></span> <span class='ocrx_word' id='word_1_72' title='bbox 1083 799 1206 850; x_wconf 87' lang='lat' dir='ltr'><strong>paulo</strong></span> <span class='ocrx_word' id='word_1_73' title='bbox 1238 798 1361 847; x_wconf 87' lang='lat' dir='ltr'><strong>infra,</strong></span> <span class='ocrx_word' id='word_1_74' title='bbox 1397 799 1547 851; x_wconf 86' lang='lat' dir='ltr'><strong>legitur</strong></span> <span class='ocrx_word' id='word_1_75' title='bbox 1574 804 1816 850; x_wconf 85' lang='lat' dir='ltr'><strong>excerptum</strong></span> <span class='ocrx_word' id='word_1_76' title='bbox 1850 809 1873 837; x_wconf 91' lang='lat' dir='ltr'><strong>e</strong></span> 
     </span>
     <span class='ocr_line' id='line_1_10' title="bbox 227 865 1873 920; baseline -0.001 -11"><span class='ocrx_word' id='word_1_77' title='bbox 227 870 371 912; x_wconf 81' lang='lat' dir='ltr'><strong>Sosmn</strong></span> <span class='ocrx_word' id='word_1_78' title='bbox 400 868 573 908; x_wconf 76' lang='lat' dir='ltr'><strong>LAcoms</strong></span> <span class='ocrx_word' id='word_1_79' title='bbox 605 879 749 920; x_wconf 90' lang='lat' dir='ltr'><strong>opere,</strong></span> <span class='ocrx_word' id='word_1_80' title='bbox 780 865 909 907; x_wconf 90' lang='lat' dir='ltr'><strong>simul</strong></span> <span class='ocrx_word' id='word_1_81' title='bbox 938 866 1078 907; x_wconf 88' lang='lat' dir='ltr'><strong>addito</strong></span> <span class='ocrx_word' id='word_1_82' title='bbox 1110 865 1252 916; x_wconf 91' lang='lat' dir='ltr'><strong>titulo,</strong></span> <span class='ocrx_word' id='word_1_83' title='bbox 1287 866 1406 907; x_wconf 89' lang='lat' dir='ltr'><strong>cuius</strong></span> <span class='ocrx_word' id='word_1_84' title='bbox 1427 878 1507 920; x_wconf 90' lang='lat' dir='ltr'><strong>ope</strong></span> <span class='ocrx_word' id='word_1_85' title='bbox 1538 865 1712 907; x_wconf 89' lang='lat' dir='ltr'><strong>fortasse</strong></span> <span class='ocrx_word' id='word_1_86' title='bbox 1733 878 1873 920; x_wconf 90' lang='lat' dir='ltr'><strong>persa-</strong></span> 
     </span>
     <span class='ocr_line' id='line_1_11' title="bbox 227 933 1868 989; baseline -0.001 -12"><span class='ocrx_word' id='word_1_87' title='bbox 227 937 318 977; x_wconf 88' lang='lat' dir='ltr'><strong>nari</strong></span> <span class='ocrx_word' id='word_1_88' title='bbox 348 939 545 989; x_wconf 87' lang='lat' dir='ltr'><strong>poterunt</strong></span> <span class='ocrx_word' id='word_1_89' title='bbox 577 947 672 989; x_wconf 76' lang='lat' dir='ltr'><strong>quae</strong></span> <span class='ocrx_word' id='word_1_90' title='bbox 700 935 810 988; x_wconf 89' lang='lat' dir='ltr'><strong>apud</strong></span> <span class='ocrx_word' id='word_1_91' title='bbox 839 935 1011 975; x_wconf 88' lang='lat' dir='ltr'><strong>Suidam</strong></span> <span class='ocrx_word' id='word_1_92' title='bbox 1034 948 1073 975; x_wconf 85' lang='lat' dir='ltr'><strong>v.</strong></span> <span class='ocrx_word' id='word_1_93' title='bbox 1099 933 1280 988; x_wconf 84' lang='grc' dir='ltr'><strong>Σωσίβιος</strong></span> <span class='ocrx_word' id='word_1_94' title='bbox 1302 934 1410 976; x_wconf 85' lang='lat' dir='ltr'><strong>foede</strong></span> <span class='ocrx_word' id='word_1_95' title='bbox 1440 939 1636 988; x_wconf 87' lang='lat' dir='ltr'><strong>corrupta</strong></span> <span class='ocrx_word' id='word_1_96' title='bbox 1660 935 1868 989; x_wconf 88' lang='lat' dir='ltr'><strong>leguntur.</strong></span> 
     </span>
     <span class='ocr_line' id='line_1_12' title="bbox 227 1001 1870 1056; baseline -0.001 -13"><span class='ocrx_word' id='word_1_97' title='bbox 227 1005 365 1045; x_wconf 91' lang='lat' dir='ltr'><strong>Verba</strong></span> <span class='ocrx_word' id='word_1_98' title='bbox 388 1008 531 1044; x_wconf 88' lang='lat' dir='ltr'><strong>autem</strong></span> <span class='ocrx_word' id='word_1_99' title='bbox 552 1004 644 1044; x_wconf 86' lang='lat' dir='ltr'><strong>haec</strong></span> <span class='ocrx_word' id='word_1_100' title='bbox 665 1007 764 1043; x_wconf 85' lang='lat' dir='ltr'><strong>sunt</strong></span> <span class='ocrx_word' id='word_1_101' title='bbox 785 1003 812 1042; x_wconf 93' lang='lat' dir='ltr'><strong>l.</strong></span> <span class='ocrx_word' id='word_1_102' title='bbox 838 1003 865 1042; x_wconf 89' lang='lat' dir='ltr'><strong>l.</strong></span> <span class='ocrx_word' id='word_1_103' title='bbox 892 1015 932 1055; x_wconf 94' lang='lat' dir='ltr'><strong>p.</strong></span> <span class='ocrx_word' id='word_1_104' title='bbox 960 1003 1037 1042; x_wconf 82' lang='lat'><strong>367</strong></span> <span class='ocrx_word' id='word_1_105' title='bbox 1056 1016 1065 1041; x_wconf 74' lang='grc' dir='ltr'>ε</span> <span class='ocrx_word' id='word_1_106' title='bbox 1087 1001 1237 1056; x_wconf 77' lang='grc' dir='ltr'>Ἄμμες</span> <span class='ocrx_word' id='word_1_107' title='bbox 1261 1001 1348 1041; x_wconf 87' lang='grc' dir='ltr'><strong>ποθ’</strong></span> <span class='ocrx_word' id='word_1_108' title='bbox 1371 1003 1658 1055; x_wconf 86' lang='lat' dir='ltr'><strong>(scribendum</strong></span> <span class='ocrx_word' id='word_1_109' title='bbox 1680 1008 1743 1043; x_wconf 92' lang='lat' dir='ltr'><strong>est</strong></span> <span class='ocrx_word' id='word_1_110' title='bbox 1765 1002 1870 1054; x_wconf 78' lang='grc' dir='ltr'>ποκ’)</span> 
     </span>
     <span class='ocr_line' id='line_1_13' title="bbox 226 1064 1867 1127; baseline -0.001 -16"><span class='ocrx_word' id='word_1_111' title='bbox 226 1070 338 1127; x_wconf 82' lang='grc' dir='ltr'>ἦμες.</span> <span class='ocrx_word' id='word_1_112' title='bbox 363 1070 566 1122; x_wconf 80' lang='grc' dir='ltr'>Λακωνική</span> <span class='ocrx_word' id='word_1_113' title='bbox 596 1072 698 1111; x_wconf 87' lang='grc' dir='ltr'>ἐστιν</span> <span class='ocrx_word' id='word_1_114' title='bbox 724 1069 836 1122; x_wconf 86' lang='grc' dir='ltr'>αὕτη.</span> <span class='ocrx_word' id='word_1_115' title='bbox 868 1069 1058 1124; x_wconf 80' lang='grc' dir='ltr'>μέμνηται</span> <span class='ocrx_word' id='word_1_116' title='bbox 1080 1064 1119 1109; x_wconf 83' lang='grc' dir='ltr'><strong>δὲ</strong></span> <span class='ocrx_word' id='word_1_117' title='bbox 1140 1072 1258 1122; x_wconf 77' lang='grc' dir='ltr'>αὐτῆς</span> <span class='ocrx_word' id='word_1_118' title='bbox 1285 1068 1464 1125; x_wconf 80' lang='grc' dir='ltr'><strong>Σωσίβιος</strong></span> <span class='ocrx_word' id='word_1_119' title='bbox 1484 1072 1523 1110; x_wconf 87' lang='grc' dir='ltr'><strong>ἐν</strong></span> <span class='ocrx_word' id='word_1_120' title='bbox 1549 1074 1605 1120; x_wconf 83' lang='grc' dir='ltr'><strong>τῷ</strong></span> <span class='ocrx_word' id='word_1_121' title='bbox 1625 1070 1706 1126; x_wconf 82' lang='grc' dir='ltr'>περὶ</span> <span class='ocrx_word' id='word_1_122' title='bbox 1733 1070 1867 1117; x_wconf 86' lang='grc' dir='ltr'>Ἐθῶν,</span> 
     </span>
     <span class='ocr_line' id='line_1_14' title="bbox 226 1132 1867 1194; baseline -0.001 -15"><span class='ocrx_word' id='word_1_123' title='bbox 226 1139 291 1179; x_wconf 77' lang='grc' dir='ltr'><strong>καί</strong></span> <span class='ocrx_word' id='word_1_124' title='bbox 322 1153 436 1194; x_wconf 83' lang='grc' dir='ltr'>φησιν</span> <span class='ocrx_word' id='word_1_125' title='bbox 469 1139 526 1178; x_wconf 83' lang='grc' dir='ltr'><strong>ὅτι</strong></span> <span class='ocrx_word' id='word_1_126' title='bbox 555 1139 587 1177; x_wconf 85' lang='grc' dir='ltr'><strong>οἱ</strong></span> <span class='ocrx_word' id='word_1_127' title='bbox 620 1136 860 1193; x_wconf 82' lang='grc' dir='ltr'>πρεσβύτεροι</span> <span class='ocrx_word' id='word_1_128' title='bbox 886 1139 919 1176; x_wconf 89' lang='grc' dir='ltr'><strong>οἱ</strong></span> <span class='ocrx_word' id='word_1_129' title='bbox 950 1132 1235 1192; x_wconf 78' lang='grc' dir='ltr'>Λακεδαιμόνιοι</span> <span class='ocrx_word' id='word_1_130' title='bbox 1274 1138 1491 1193; x_wconf 86' lang='grc' dir='ltr'>χορευόντες</span> <span class='ocrx_word' id='word_1_131' title='bbox 1528 1143 1639 1179; x_wconf 85' lang='grc' dir='ltr'><strong>τοῦτο</strong></span> <span class='ocrx_word' id='word_1_132' title='bbox 1676 1138 1867 1194; x_wconf 86' lang='grc' dir='ltr'>ἐπέλεγον·</span> 
     </span>
     <span class='ocr_line' id='line_1_15' title="bbox 226 1204 1872 1263; baseline 0.001 -15"><span class='ocrx_word' id='word_1_133' title='bbox 226 1209 323 1263; x_wconf 81' lang='grc' dir='ltr'>ἅμες</span> <span class='ocrx_word' id='word_1_134' title='bbox 342 1207 429 1248; x_wconf 87' lang='grc' dir='ltr'><strong>ποθ’</strong></span> <span class='ocrx_word' id='word_1_135' title='bbox 457 1208 608 1261; x_wconf 90' lang='lat' dir='ltr'><strong>(immo</strong></span> <span class='ocrx_word' id='word_1_136' title='bbox 629 1205 734 1258; x_wconf 82' lang='grc' dir='ltr'>ποκ’)</span> <span class='ocrx_word' id='word_1_137' title='bbox 757 1204 868 1260; x_wconf 82' lang='grc' dir='ltr'>ἦμες.</span> <span class='ocrx_word' id='word_1_138' title='bbox 894 1207 1020 1247; x_wconf 89' lang='lat' dir='ltr'><strong>Moris</strong></span> <span class='ocrx_word' id='word_1_139' title='bbox 1046 1207 1173 1248; x_wconf 88' lang='lat' dir='ltr'><strong>huius</strong></span> <span class='ocrx_word' id='word_1_140' title='bbox 1199 1207 1309 1261; x_wconf 88' lang='lat' dir='ltr'><strong>apud</strong></span> <span class='ocrx_word' id='word_1_141' title='bbox 1335 1207 1556 1261; x_wconf 79' lang='lat' dir='ltr'><strong>Spartanos</strong></span> <span class='ocrx_word' id='word_1_142' title='bbox 1578 1208 1730 1262; x_wconf 86' lang='lat' dir='ltr'><strong>saepius</strong></span> <span class='ocrx_word' id='word_1_143' title='bbox 1751 1221 1872 1249; x_wconf 90' lang='lat' dir='ltr'><strong>men-</strong></span> 
     </span>
     <span class='ocr_line' id='line_1_16' title="bbox 226 1274 1871 1330; baseline 0 -13"><span class='ocrx_word' id='word_1_144' title='bbox 226 1277 388 1317; x_wconf 80' lang='lat' dir='ltr'><strong>tionem</strong></span> <span class='ocrx_word' id='word_1_145' title='bbox 428 1276 525 1316; x_wconf 89' lang='lat' dir='ltr'><strong>fecit</strong></span> <span class='ocrx_word' id='word_1_146' title='bbox 562 1274 828 1325; x_wconf 83' lang='lat' dir='ltr'><strong>Plutarchus,</strong></span> <span class='ocrx_word' id='word_1_147' title='bbox 860 1274 1090 1325; x_wconf 83' lang='lat' dir='ltr'><strong>Sosibium,</strong></span> <span class='ocrx_word' id='word_1_148' title='bbox 1128 1279 1175 1315; x_wconf 88' lang='lat' dir='ltr'><strong>ut</strong></span> <span class='ocrx_word' id='word_1_149' title='bbox 1206 1276 1388 1326; x_wconf 83' lang='lat' dir='ltr'><strong>videtur,</strong></span> <span class='ocrx_word' id='word_1_150' title='bbox 1424 1280 1611 1326; x_wconf 90' lang='lat' dir='ltr'><strong>secutus,</strong></span> <span class='ocrx_word' id='word_1_151' title='bbox 1647 1277 1714 1317; x_wconf 90' lang='lat' dir='ltr'><strong>cui</strong></span> <span class='ocrx_word' id='word_1_152' title='bbox 1747 1277 1871 1330; x_wconf 90' lang='lat' dir='ltr'><strong>igitur</strong></span> 
     </span>
     <span class='ocr_line' id='line_1_17' title="bbox 227 1343 1871 1398; baseline 0.001 -13"><span class='ocrx_word' id='word_1_153' title='bbox 227 1345 499 1398; x_wconf 83' lang='lat' dir='ltr'><strong>probabiliter</strong></span> <span class='ocrx_word' id='word_1_154' title='bbox 525 1344 733 1384; x_wconf 88' lang='lat' dir='ltr'><strong>debentur</strong></span> <span class='ocrx_word' id='word_1_155' title='bbox 763 1356 907 1383; x_wconf 86' lang='lat' dir='ltr'><strong>versus</strong></span> <span class='ocrx_word' id='word_1_156' title='bbox 939 1343 1089 1396; x_wconf 82' lang='lat' dir='ltr'><strong>integri</strong></span> <span class='ocrx_word' id='word_1_157' title='bbox 1122 1356 1219 1383; x_wconf 86' lang='lat' dir='ltr'><strong>cum</strong></span> <span class='ocrx_word' id='word_1_158' title='bbox 1252 1344 1304 1384; x_wconf 85' lang='lat' dir='ltr'><strong>ab</strong></span> <span class='ocrx_word' id='word_1_159' title='bbox 1335 1344 1425 1397; x_wconf 88' lang='lat' dir='ltr'><strong>ipso</strong></span> <span class='ocrx_word' id='word_1_160' title='bbox 1457 1344 1675 1385; x_wconf 89' lang='lat' dir='ltr'><strong>Plutarcho</strong></span> <span class='ocrx_word' id='word_1_161' title='bbox 1704 1350 1796 1385; x_wconf 90' lang='lat' dir='ltr'><strong>tum</strong></span> <span class='ocrx_word' id='word_1_162' title='bbox 1819 1345 1871 1386; x_wconf 88' lang='lat' dir='ltr'><strong>ab</strong></span> 
     </span>
     <span class='ocr_line' id='line_1_18' title="bbox 230 1410 1871 1466; baseline -0.001 -13"><span class='ocrx_word' id='word_1_163' title='bbox 230 1413 320 1453; x_wconf 88' lang='lat' dir='ltr'><strong>aliis</strong></span> <span class='ocrx_word' id='word_1_164' title='bbox 337 1424 508 1466; x_wconf 90' lang='lat' dir='ltr'><strong>quoque</strong></span> <span class='ocrx_word' id='word_1_165' title='bbox 524 1410 700 1460; x_wconf 87' lang='lat' dir='ltr'><strong>laudati,</strong></span> <span class='ocrx_word' id='word_1_166' title='bbox 722 1422 905 1463; x_wconf 89' lang='lat' dir='ltr'><strong>quorum</strong></span> <span class='ocrx_word' id='word_1_167' title='bbox 929 1410 1170 1451; x_wconf 88' lang='lat' dir='ltr'><strong>testimonia</strong></span> <span class='ocrx_word' id='word_1_168' title='bbox 1185 1410 1356 1451; x_wconf 89' lang='lat' dir='ltr'><strong>collecta</strong></span> <span class='ocrx_word' id='word_1_169' title='bbox 1371 1415 1469 1451; x_wconf 91' lang='lat' dir='ltr'><strong>sunt</strong></span> <span class='ocrx_word' id='word_1_170' title='bbox 1490 1411 1533 1451; x_wconf 91' lang='lat' dir='ltr'><strong>in</strong></span> <span class='ocrx_word' id='word_1_171' title='bbox 1555 1412 1718 1466; x_wconf 90' lang='lat' dir='ltr'><strong>Bergkii</strong></span> <span class='ocrx_word' id='word_1_172' title='bbox 1735 1413 1871 1453; x_wconf 89' lang='lat' dir='ltr'><strong>Poetis</strong></span> 
     </span>
     <span class='ocr_line' id='line_1_19' title="bbox 227 1478 826 1534; baseline -0.007 -13"><span class='ocrx_word' id='word_1_173' title='bbox 227 1480 369 1534; x_wconf 77' lang='lat' dir='ltr'><strong>lyricis</strong></span> <span class='ocrx_word' id='word_1_174' title='bbox 390 1493 432 1533; x_wconf 89' lang='lat' dir='ltr'><strong>p.</strong></span> <span class='ocrx_word' id='word_1_175' title='bbox 465 1479 567 1519; x_wconf 71' lang='lat'>1203</span> <span class='ocrx_word' id='word_1_176' title='bbox 585 1478 652 1519; x_wconf 90' lang='lat' dir='ltr'><strong>ed.</strong></span> <span class='ocrx_word' id='word_1_177' title='bbox 677 1478 826 1518; x_wconf 84' lang='lat' dir='ltr'><strong>tertiae.</strong></span> 
     </span>
    </p>
   </div>
   <div class='ocr_carea' id='block_1_5' title="bbox 227 1614 1875 1874">
    <p class='ocr_par' dir='ltr' id='par_1_5' title="bbox 227 1614 1875 1874">
     <span class='ocr_line' id='line_1_20' title="bbox 286 1614 1872 1665; baseline 0.001 -9"><span class='ocrx_word' id='word_1_178' title='bbox 286 1617 339 1656; x_wconf 86' lang='lat' dir='ltr'><strong>Ut</strong></span> <span class='ocrx_word' id='word_1_179' title='bbox 361 1615 543 1665; x_wconf 85' lang='lat' dir='ltr'><strong>Sosibio,</strong></span> <span class='ocrx_word' id='word_1_180' title='bbox 569 1615 627 1654; x_wconf 91' lang='lat' dir='ltr'><strong>ita</strong></span> <span class='ocrx_word' id='word_1_181' title='bbox 648 1614 777 1654; x_wconf 88' lang='lat' dir='ltr'><strong>etiam</strong></span> <span class='ocrx_word' id='word_1_182' title='bbox 802 1614 1060 1663; x_wconf 70' lang='lat' dir='ltr'><strong>Dmscomnn,</strong></span> <span class='ocrx_word' id='word_1_183' title='bbox 1097 1614 1175 1653; x_wconf 86' lang='lat' dir='ltr'><strong>alio</strong></span> <span class='ocrx_word' id='word_1_184' title='bbox 1204 1627 1343 1654; x_wconf 88' lang='lat' dir='ltr'><strong>rerum</strong></span> <span class='ocrx_word' id='word_1_185' title='bbox 1378 1615 1674 1657; x_wconf 87' lang='lat' dir='ltr'><strong>Laconicarum</strong></span> <span class='ocrx_word' id='word_1_186' title='bbox 1706 1622 1872 1659; x_wconf 85' lang='lat' dir='ltr'><strong>auctore</strong></span> 
     </span>
     <span class='ocr_line' id='line_1_21' title="bbox 227 1681 1874 1739; baseline 0.001 -13"><span class='ocrx_word' id='word_1_187' title='bbox 227 1697 331 1726; x_wconf 92' lang='lat' dir='ltr'><strong>usus</strong></span> <span class='ocrx_word' id='word_1_188' title='bbox 362 1687 450 1725; x_wconf 88' lang='lat' dir='ltr'><strong>erat</strong></span> <span class='ocrx_word' id='word_1_189' title='bbox 482 1682 743 1723; x_wconf 90' lang='lat' dir='ltr'><strong>Plutarchus.</strong></span> <span class='ocrx_word' id='word_1_190' title='bbox 783 1682 841 1721; x_wconf 83' lang='lat' dir='ltr'><strong>Ex</strong></span> <span class='ocrx_word' id='word_1_191' title='bbox 874 1681 1000 1721; x_wconf 86' lang='lat' dir='ltr'><strong>huius</strong></span> <span class='ocrx_word' id='word_1_192' title='bbox 1035 1682 1149 1722; x_wconf 79' lang='lat' dir='ltr'><strong>enim</strong></span> <span class='ocrx_word' id='word_1_193' title='bbox 1187 1681 1301 1722; x_wconf 90' lang='lat' dir='ltr'><strong>libris</strong></span> <span class='ocrx_word' id='word_1_194' title='bbox 1338 1683 1390 1723; x_wconf 92' lang='lat' dir='ltr'><strong>de</strong></span> <span class='ocrx_word' id='word_1_195' title='bbox 1425 1683 1627 1725; x_wconf 87' lang='lat' dir='ltr'><strong>Laconica</strong></span> <span class='ocrx_word' id='word_1_196' title='bbox 1663 1685 1874 1739; x_wconf 85' lang='lat' dir='ltr'><strong>republica</strong></span> 
     </span>
     <span class='ocr_line' id='line_1_22' title="bbox 229 1750 1875 1807; baseline 0.001 -14"><span class='ocrx_word' id='word_1_197' title='bbox 229 1754 454 1805; x_wconf 90' lang='lat' dir='ltr'><strong>desumpta</strong></span> <span class='ocrx_word' id='word_1_198' title='bbox 479 1755 578 1791; x_wconf 91' lang='lat' dir='ltr'><strong>sunt</strong></span> <span class='ocrx_word' id='word_1_199' title='bbox 605 1762 700 1804; x_wconf 82' lang='lat' dir='ltr'><strong>quae</strong></span> <span class='ocrx_word' id='word_1_200' title='bbox 726 1755 865 1790; x_wconf 89' lang='lat' dir='ltr'><strong>narrat</strong></span> <span class='ocrx_word' id='word_1_201' title='bbox 896 1750 938 1789; x_wconf 91' lang='lat' dir='ltr'><strong>in</strong></span> <span class='ocrx_word' id='word_1_202' title='bbox 971 1750 1056 1790; x_wconf 82' lang='lat' dir='ltr'><strong>vita</strong></span> <span class='ocrx_word' id='word_1_203' title='bbox 1088 1751 1264 1803; x_wconf 83' lang='lat' dir='ltr'><strong>Lycurgi</strong></span> <span class='ocrx_word' id='word_1_204' title='bbox 1291 1765 1327 1792; x_wconf 90' lang='lat' dir='ltr'><strong>c.</strong></span> <span class='ocrx_word' id='word_1_205' title='bbox 1364 1752 1407 1791; x_wconf 92' lang='lat'><strong>11</strong></span> <span class='ocrx_word' id='word_1_206' title='bbox 1442 1756 1483 1792; x_wconf 90' lang='lat' dir='ltr'><strong>et</strong></span> <span class='ocrx_word' id='word_1_207' title='bbox 1511 1753 1553 1792; x_wconf 92' lang='lat' dir='ltr'><strong>in</strong></span> <span class='ocrx_word' id='word_1_208' title='bbox 1585 1753 1668 1793; x_wconf 88' lang='lat' dir='ltr'><strong>vita</strong></span> <span class='ocrx_word' id='word_1_209' title='bbox 1698 1755 1875 1807; x_wconf 84' lang='lat' dir='ltr'><strong>Agesilai</strong></span> 
     </span>
     <span class='ocr_line' id='line_1_23' title="bbox 227 1817 1874 1874; baseline 0.001 -13"><span class='ocrx_word' id='word_1_210' title='bbox 227 1834 263 1862; x_wconf 92' lang='lat' dir='ltr'><strong>c.</strong></span> <span class='ocrx_word' id='word_1_211' title='bbox 290 1821 343 1860; x_wconf 88' lang='lat'><strong>35</strong></span> <span class='ocrx_word' id='word_1_212' title='bbox 367 1820 437 1873; x_wconf 86' lang='lat' dir='ltr'><strong>(cf.</strong></span> <span class='ocrx_word' id='word_1_213' title='bbox 463 1819 569 1860; x_wconf 90' lang='lat' dir='ltr'><strong>Hist.</strong></span> <span class='ocrx_word' id='word_1_214' title='bbox 589 1830 713 1872; x_wconf 86' lang='lat' dir='ltr'><strong>graec.</strong></span> <span class='ocrx_word' id='word_1_215' title='bbox 739 1817 887 1871; x_wconf 87' lang='lat' dir='ltr'><strong>fragm.</strong></span> <span class='ocrx_word' id='word_1_216' title='bbox 913 1823 944 1858; x_wconf 88' lang='lat' dir='ltr'><strong>t.</strong></span> <span class='ocrx_word' id='word_1_217' title='bbox 973 1818 1022 1868; x_wconf 84' lang='grc' dir='ltr'><strong>ΙΙ,</strong></span> <span class='ocrx_word' id='word_1_218' title='bbox 1048 1830 1088 1871; x_wconf 88' lang='lat' dir='ltr'><strong>p.</strong></span> <span class='ocrx_word' id='word_1_219' title='bbox 1121 1817 1230 1870; x_wconf 65' lang='lat'><strong>192).</strong></span> <span class='ocrx_word' id='word_1_220' title='bbox 1252 1819 1458 1859; x_wconf 85' lang='lat' dir='ltr'><strong>Eumdem</strong></span> <span class='ocrx_word' id='word_1_221' title='bbox 1477 1820 1722 1874; x_wconf 85' lang='lat' dir='ltr'><strong>scriptorem</strong></span> <span class='ocrx_word' id='word_1_222' title='bbox 1742 1822 1874 1863; x_wconf 90' lang='lat' dir='ltr'><strong>semel</strong></span> 
     </span>
    </p>
   </div>
   <div class='ocr_carea' id='block_1_6' title="bbox 225 1879 1876 2423">
    <p class='ocr_par' dir='ltr' id='par_1_6' title="bbox 225 1879 1876 2423">
     <span class='ocr_line' id='line_1_24' title="bbox 229 1879 1875 1947; baseline 0.001 -10"><span class='ocrx_word' id='word_1_223' title='bbox 229 1897 421 1937; x_wconf 90' lang='lat' dir='ltr'><strong>nominat</strong></span> <span class='ocrx_word' id='word_1_224' title='bbox 447 1895 674 1936; x_wconf 86' lang='lat' dir='ltr'><strong>Athenaeus</strong></span> <span class='ocrx_word' id='word_1_225' title='bbox 697 1894 750 1934; x_wconf 91' lang='lat' dir='ltr'><strong>IV</strong></span> <span class='ocrx_word' id='word_1_226' title='bbox 779 1906 819 1947; x_wconf 91' lang='lat' dir='ltr'><strong>p.</strong></span> <span class='ocrx_word' id='word_1_227' title='bbox 850 1891 957 1934; x_wconf 43' lang='lat'><strong>140&amp;</strong></span> <span class='ocrx_word' id='word_1_228' title='bbox 992 1893 1064 1934; x_wconf 89' lang='lat' dir='ltr'><strong>His</strong></span> <span class='ocrx_word' id='word_1_229' title='bbox 1097 1895 1269 1934; x_wconf 86' lang='lat' dir='ltr'><strong>tertium</strong></span> <span class='ocrx_word' id='word_1_230' title='bbox 1301 1894 1385 1935; x_wconf 89' lang='lat' dir='ltr'><strong>iam</strong></span> <span class='ocrx_word' id='word_1_231' title='bbox 1412 1895 1609 1936; x_wconf 86' lang='lat' dir='ltr'><strong>accedere</strong></span> <span class='ocrx_word' id='word_1_232' title='bbox 1637 1879 1875 1939; x_wconf 80' lang='lat' dir='ltr'><strong>iubebimus</strong></span> 
     </span>
     <span class='ocr_line' id='line_1_25' title="bbox 230 1962 1871 2018; baseline 0.001 -13"><span class='ocrx_word' id='word_1_233' title='bbox 230 1964 601 2018; x_wconf 82' lang='lat' dir='ltr'><strong>Olympiodorum,</strong></span> <span class='ocrx_word' id='word_1_234' title='bbox 635 1962 678 2001; x_wconf 91' lang='lat' dir='ltr'><strong>in</strong></span> <span class='ocrx_word' id='word_1_235' title='bbox 711 1962 831 2002; x_wconf 86' lang='lat' dir='ltr'><strong>cuius</strong></span> <span class='ocrx_word' id='word_1_236' title='bbox 864 1962 1169 2002; x_wconf 84' lang='lat' dir='ltr'><strong>commentario</strong></span> <span class='ocrx_word' id='word_1_237' title='bbox 1202 1963 1252 2002; x_wconf 87' lang='lat' dir='ltr'><strong>ad</strong></span> <span class='ocrx_word' id='word_1_238' title='bbox 1276 1962 1456 2003; x_wconf 89' lang='lat' dir='ltr'><strong>Platonis</strong></span> <span class='ocrx_word' id='word_1_239' title='bbox 1483 1964 1675 2017; x_wconf 83' lang='lat' dir='ltr'><strong>Gorgiam</strong></span> <span class='ocrx_word' id='word_1_240' title='bbox 1704 1978 1744 2018; x_wconf 93' lang='lat' dir='ltr'><strong>p.</strong></span> <span class='ocrx_word' id='word_1_241' title='bbox 1775 1966 1871 2017; x_wconf 82' lang='lat'><strong>176,</strong></span> 
     </span>
     <span class='ocr_line' id='line_1_26' title="bbox 227 2029 1876 2083; baseline 0 -9"><span class='ocrx_word' id='word_1_242' title='bbox 227 2033 320 2074; x_wconf 86' lang='lat' dir='ltr'><strong>haec</strong></span> <span class='ocrx_word' id='word_1_243' title='bbox 351 2036 451 2073; x_wconf 91' lang='lat' dir='ltr'><strong>sunt</strong></span> <span class='ocrx_word' id='word_1_244' title='bbox 485 2030 612 2071; x_wconf 87' lang='lat' dir='ltr'><strong>verba</strong></span> <span class='ocrx_word' id='word_1_245' title='bbox 644 2042 686 2083; x_wconf 94' lang='lat' dir='ltr'><strong>p.</strong></span> <span class='ocrx_word' id='word_1_246' title='bbox 721 2029 801 2070; x_wconf 70' lang='lat'><strong>522</strong></span> <span class='ocrx_word' id='word_1_247' title='bbox 833 2029 942 2070; x_wconf 86' lang='lat' dir='ltr'><strong>Jahn</strong></span> <span class='ocrx_word' id='word_1_248' title='bbox 975 2030 1034 2082; x_wconf 71' lang='lat' dir='ltr'><strong>(in</strong></span> <span class='ocrx_word' id='word_1_249' title='bbox 1057 2030 1188 2071; x_wconf 90' lang='lat' dir='ltr'><strong>diario</strong></span> <span class='ocrx_word' id='word_1_250' title='bbox 1218 2031 1417 2083; x_wconf 81' lang='lat' dir='ltr'><strong>inscripto</strong></span> <span class='ocrx_word' id='word_1_251' title='bbox 1439 2032 1561 2072; x_wconf 76' lang='lat' dir='ltr'><strong>Neue</strong></span> <span class='ocrx_word' id='word_1_252' title='bbox 1582 2032 1876 2075; x_wconf 67' lang='lat' dir='ltr'><strong>Jahrbizelzer</strong></span> 
     </span>
     <span class='ocr_line' id='line_1_27' title="bbox 226 2097 1875 2153; baseline 0.001 -14"><span class='ocrx_word' id='word_1_253' title='bbox 226 2101 316 2153; x_wconf 59' lang='lat' dir='ltr'><strong>fiir</strong></span> <span class='ocrx_word' id='word_1_254' title='bbox 346 2098 624 2152; x_wconf 66' lang='lat' dir='ltr'><strong>Philoloyie,</strong></span> <span class='ocrx_word' id='word_1_255' title='bbox 655 2098 789 2137; x_wconf 58' lang='lat' dir='ltr'><strong>XIVm</strong></span> <span class='ocrx_word' id='word_1_256' title='bbox 819 2097 1209 2150; x_wconf 77' lang='lat' dir='ltr'><strong>Supplementb.):</strong></span> <span class='ocrx_word' id='word_1_257' title='bbox 1242 2097 1322 2136; x_wconf 82' lang='grc' dir='ltr'>ὅθεν</span> <span class='ocrx_word' id='word_1_258' title='bbox 1347 2098 1446 2143; x_wconf 87' lang='grc' dir='ltr'>τινὲς</span> <span class='ocrx_word' id='word_1_259' title='bbox 1474 2098 1542 2151; x_wconf 83' lang='grc' dir='ltr'><strong>μὲν</strong></span> <span class='ocrx_word' id='word_1_260' title='bbox 1568 2100 1793 2153; x_wconf 83' lang='grc' dir='ltr'>ἱστοροῦσιν,</span> <span class='ocrx_word' id='word_1_261' title='bbox 1818 2101 1875 2140; x_wconf 82' lang='grc' dir='ltr'><strong>ὅτι</strong></span> 
     </span>
     <span class='ocr_line' id='line_1_28' title="bbox 227 2162 1876 2223; baseline 0 -16"><span class='ocrx_word' id='word_1_262' title='bbox 227 2170 261 2207; x_wconf 86' lang='grc' dir='ltr'><strong>οἱ</strong></span> <span class='ocrx_word' id='word_1_263' title='bbox 277 2166 451 2207; x_wconf 86' lang='grc' dir='ltr'><strong>πλούσιοι</strong></span> <span class='ocrx_word' id='word_1_264' title='bbox 472 2163 715 2221; x_wconf 85' lang='grc' dir='ltr'>ἀχθεσθέντες</span> <span class='ocrx_word' id='word_1_265' title='bbox 732 2163 932 2219; x_wconf 79' lang='grc' dir='ltr'>ἐφόνευσαν</span> <span class='ocrx_word' id='word_1_266' title='bbox 948 2163 1061 2204; x_wconf 78' lang='grc' dir='ltr'>αὐτόν</span> <span class='ocrx_word' id='word_1_267' title='bbox 1082 2164 1255 2216; x_wconf 68' lang='lat' dir='ltr'><strong>[scilicet</strong></span> <span class='ocrx_word' id='word_1_268' title='bbox 1273 2164 1338 2204; x_wconf 80' lang='grc' dir='ltr'><strong>τὸν</strong></span> <span class='ocrx_word' id='word_1_269' title='bbox 1351 2165 1596 2220; x_wconf 81' lang='grc' dir='ltr'>Λυκοῦργον).</span> <span class='ocrx_word' id='word_1_270' title='bbox 1617 2162 1876 2223; x_wconf 78' lang='grc' dir='ltr'>Διοσκουρίδης</span> 
     </span>
     <span class='ocr_line' id='line_1_29' title="bbox 227 2228 1875 2291; baseline 0.001 -16"><span class='ocrx_word' id='word_1_271' title='bbox 227 2230 267 2275; x_wconf 86' lang='grc' dir='ltr'><strong>δὲ</strong></span> <span class='ocrx_word' id='word_1_272' title='bbox 289 2237 308 2274; x_wconf 85' lang='grc' dir='ltr'>ὁ</span> <span class='ocrx_word' id='word_1_273' title='bbox 327 2233 513 2290; x_wconf 80' lang='grc' dir='ltr'><strong>ἱστορικὸς</strong></span> <span class='ocrx_word' id='word_1_274' title='bbox 533 2232 639 2287; x_wconf 79' lang='grc' dir='ltr'>λέγει</span> <span class='ocrx_word' id='word_1_275' title='bbox 661 2232 720 2272; x_wconf 83' lang='grc' dir='ltr'><strong>ὅτι</strong></span> <span class='ocrx_word' id='word_1_276' title='bbox 735 2232 790 2271; x_wconf 87' lang='grc' dir='ltr'><strong>οὔ·</strong></span> <span class='ocrx_word' id='word_1_277' title='bbox 817 2231 911 2271; x_wconf 84' lang='grc' dir='ltr'>ἀλλ’</span> <span class='ocrx_word' id='word_1_278' title='bbox 927 2231 1091 2284; x_wconf 73' lang='grc' dir='ltr'><strong>ἐπῆλθον</strong></span> <span class='ocrx_word' id='word_1_279' title='bbox 1111 2235 1214 2282; x_wconf 79' lang='grc' dir='ltr'>αὐτῷ</span> <span class='ocrx_word' id='word_1_280' title='bbox 1235 2232 1299 2271; x_wconf 85' lang='grc' dir='ltr'><strong>καὶ</strong></span> <span class='ocrx_word' id='word_1_281' title='bbox 1317 2228 1530 2288; x_wconf 80' lang='grc' dir='ltr'>Κλέανδρός</span> <span class='ocrx_word' id='word_1_282' title='bbox 1550 2248 1608 2280; x_wconf 91' lang='grc' dir='ltr'><strong>τις</strong></span> <span class='ocrx_word' id='word_1_283' title='bbox 1623 2232 1875 2291; x_wconf 82' lang='grc' dir='ltr'>ἐξετύφλωσεν</span> 
     </span>
     <span class='ocr_line' id='line_1_30' title="bbox 227 2299 1874 2358; baseline 0.002 -16"><span class='ocrx_word' id='word_1_284' title='bbox 227 2303 341 2342; x_wconf 82' lang='grc' dir='ltr'>αὐτὸν</span> <span class='ocrx_word' id='word_1_285' title='bbox 367 2302 432 2340; x_wconf 77' lang='grc' dir='ltr'><strong>καὶ</strong></span> <span class='ocrx_word' id='word_1_286' title='bbox 453 2299 602 2356; x_wconf 72' lang='grc' dir='ltr'><strong>ἔφριξαν</strong></span> <span class='ocrx_word' id='word_1_287' title='bbox 626 2300 763 2345; x_wconf 84' lang='grc' dir='ltr'>πάντες</span> <span class='ocrx_word' id='word_1_288' title='bbox 789 2301 823 2338; x_wconf 86' lang='grc' dir='ltr'><strong>οἱ</strong></span> <span class='ocrx_word' id='word_1_289' title='bbox 844 2299 958 2339; x_wconf 85' lang='grc' dir='ltr'>ἄλλοι</span> <span class='ocrx_word' id='word_1_290' title='bbox 980 2299 1202 2345; x_wconf 83' lang='grc' dir='ltr'>ἀνιαθέντες.</span> <span class='ocrx_word' id='word_1_291' title='bbox 1229 2301 1384 2341; x_wconf 85' lang='lat' dir='ltr'><strong>Eadem</strong></span> <span class='ocrx_word' id='word_1_292' title='bbox 1412 2301 1533 2354; x_wconf 91' lang='lat' dir='ltr'><strong>plane</strong></span> <span class='ocrx_word' id='word_1_293' title='bbox 1554 2305 1733 2344; x_wconf 88' lang='lat' dir='ltr'><strong>narratio</strong></span> <span class='ocrx_word' id='word_1_294' title='bbox 1755 2318 1874 2358; x_wconf 91' lang='lat' dir='ltr'><strong>repe-</strong></span> 
     </span>
     <span class='ocr_line' id='line_1_31' title="bbox 225 2368 1871 2423; baseline 0.002 -11"><span class='ocrx_word' id='word_1_295' title='bbox 225 2373 333 2413; x_wconf 88' lang='lat' dir='ltr'><strong>ritur</strong></span> <span class='ocrx_word' id='word_1_296' title='bbox 353 2371 398 2411; x_wconf 92' lang='lat' dir='ltr'><strong>in</strong></span> <span class='ocrx_word' id='word_1_297' title='bbox 419 2369 630 2411; x_wconf 87' lang='lat' dir='ltr'><strong>Plutarchi</strong></span> <span class='ocrx_word' id='word_1_298' title='bbox 648 2369 731 2409; x_wconf 82' lang='lat' dir='ltr'><strong>vita</strong></span> <span class='ocrx_word' id='word_1_299' title='bbox 753 2368 930 2422; x_wconf 84' lang='lat' dir='ltr'><strong>Lycurgi</strong></span> <span class='ocrx_word' id='word_1_300' title='bbox 953 2381 989 2409; x_wconf 91' lang='lat' dir='ltr'><strong>c.</strong></span> <span class='ocrx_word' id='word_1_301' title='bbox 1011 2368 1077 2419; x_wconf 89' lang='lat'><strong>11,</strong></span> <span class='ocrx_word' id='word_1_302' title='bbox 1098 2369 1178 2409; x_wconf 84' lang='lat' dir='ltr'><strong>nisi</strong></span> <span class='ocrx_word' id='word_1_303' title='bbox 1191 2369 1302 2422; x_wconf 90' lang='lat' dir='ltr'><strong>quod</strong></span> <span class='ocrx_word' id='word_1_304' title='bbox 1320 2382 1394 2423; x_wconf 92' lang='lat' dir='ltr'><strong>pro</strong></span> <span class='ocrx_word' id='word_1_305' title='bbox 1407 2369 1601 2413; x_wconf 89' lang='lat' dir='ltr'><strong>Clearcho</strong></span> <span class='ocrx_word' id='word_1_306' title='bbox 1619 2371 1871 2415; x_wconf 88' lang='lat' dir='ltr'><strong>Alcandrum</strong></span> 
     </span>
    </p>
   </div>
  </div>
 </body>
</html>
